2838 4994
615 160 677 270 ¹-l
704 217 766 284 ddi
803 225 850 271 '-

115 401 146 467 1.
169 390 345 462 Stemmata
358 389 445 460 oleru
457 397 556 473 ortuo.
570 391 628 460 eed
642 391 816 472 incredulo,

170 475 232 556 Qui
247 491 328 560 puer
339 472 446 542 adhue
458 483 550 543 tener
563 477 685 544 eunetle
699 475 807 542 muudi
821 473 945 542 dellella
1037 551 1041 560 ,

168 557 232 625 Pro
246 557 369 624 Quieto
382 554 627 638 abrenuntiavit.
641 575 739 640 aeque
752 557 798 623 illi
813 555 939 624 obtulit.

169 639 232 708 Hie
244 647 364 722 eeptem
379 654 532 705 annorum
547 657 619 705 eum
633 647 730 717 earet,
744 638 904 705 clrietum
919 637 1080 706 oomleutl
1092 643 1220 722 pectore

169 720 305 789 Fatetur
317 737 375 805 pro
389 719 497 788 mundi
512 722 610 788 uotiua
624 719 819 789 redemtione
878 721 986 788 eitum

97 809 145 880 10.
169 801 294 883 Quibus
308 811 403 885 peter
416 803 536 871 auditis
550 803 704 886 ingemuit
717 813 814 886 atque
849 802 1002 870 ieemuet„

169 885 262 975 Quod
277 902 347 952 oum
363 886 471 954 verbio
484 902 547 954 uou
560 892 682 968 posset,
696 895 829 954 oouatur
843 885 902 954 hoo
915 884 1113 954 veruenuua

169 968 334 1038 Adductue
348 967 528 1044 Valeriano,
543 967 648 1051 iuquit
660 974 825 1053 promptus
838 975 949 1036 eauoto
961 967 1078 1036 mutari
1092 965 1135 1035 ad
1148 969 1325 1050 propudia

168 1054 303 1122 iubetur
315 1052 405 1118 oaedi
419 1049 563 1134 depellis,
577 1051 633 1118 aed
647 1051 847 1118 caedentium
862 1052 1009 1134 protinus
1022 1049 1159 1118 minat
1172 1050 1313 1118 buchia.

168 1135 304 1204 Praeeee
315 1135 411 1202 meru
422 1134 593 1215 languente
604 1151 699 1202 mauu
709 1140 781 1202 orat
791 1151 893 1219 opem.
907 1152 1003 1218 quem
1011 1129 1215 1200 moxeoniort
1224 1131 1372 1202 omuiiue

96 1221 144 1289 id.
168 1218 258 1286 Patri
273 1217 392 1293 oeulos,
407 1219 511 1298 angeli
526 1218 596 1285 elau
611 1227 804 1296 ermenaldo,
820 1226 914 1284 uatua
928 1226 1057 1285 sanetus
1070 1215 1219 1283 reddidit
1328 1283 1331 1289 ,

169 1300 292 1384 Angolo
306 1302 395 1374 duee,
411 1298 537 1368 Christo
551 1299 690 1372 iubente.
704 1301 764 1366 ivit
777 1317 833 1382 per
845 1301 956 1368 marie.

169 1383 252 1450 Hine
266 1389 433 1449 revocatus
448 1382 633 1450 daemonem
648 1384 734 1464 regis
749 1380 840 1464 iuuat
853 1384 928 1448 lilio.

167 1465 205 1533 In
220 1466 355 1533 carceris
369 1469 507 1549 positum
523 1465 671 1533 claustris
684 1465 795 1532 visitat
808 1465 954 1533 Gloriatur
967 1465 1038 1546 ipae
1050 1481 1193 1548 puerum.

167 1548 340 1632 angelicus
356 1549 477 1630 pariter
491 1549 606 1616 ohorue
620 1550 774 1616 eunoinit:
796 1548 982 1616 benedictae
995 1547 1151 1614 domiuus.

92 1633 143 1702 lo.
167 1629 233 1700 Leo
246 1631 288 1698 ad
303 1631 518 1698 devorandum
531 1631 648 1698 mieeue
662 1633 782 1698 oorrnlit
795 1630 928 1714 supplex
941 1637 1016 1696 aute
1030 1629 1128 1712 pedes
1143 1629 1303 1715 martyria

168 1716 311 1782 lntuclue
327 1713 366 1779 de
380 1715 504 1781 cumino
518 1717 592 1792 exit.
606 1715 713 1781 resina
726 1714 811 1797 quod
826 1713 978 1795 fervebat,
991 1713 1073 1797 pice,
1087 1713 1166 1779 oleo.

166 1796 251 1866 ilino
264 1814 334 1863 uum
350 1794 494 1864 Modesto
508 1805 604 1879 atque
619 1794 802 1864 crescentia

167 1876 295 1946 cinisio
308 1879 466 1960 spirltum,
481 1895 593 1946 ooeaue
608 1877 712 1946 ferrea
727 1878 1002 1957 eataslaieutum
1016 1876 1167 1945 reddidit.

91 2045 131 2111 n
165 1947 1401 2112 dltttllldlt‘lllllllllltid‘llltlltttm‘

88 2090 141 2277 ..’
153 2061 493 2289 :adonin
511 2062 842 2276 edulium
858 2165 903 2288 n
912 2061 1072 2205 nen.
1155 2149 1210 2205 ⁶⁴⁶
1226 2145 1371 2218 nm,
1397 2116 1401 2125 ’

158 2303 185 2360 lo.
204 2301 384 2360 Βηστίου.
422 2307 446 2361 1.
465 2305 560 2362 saneti
578 2321 613 2360 m.
632 2304 664 2362 B.
688 2333 721 2347 -
748 2308 774 2362 d.
793 2304 911 2374 eplrltai.
929 2303 961 2360 B.
987 2333 1023 2348 -
1049 2307 1075 2360 d
1092 2303 1306 2373 leuoolullesdr
1324 2299 1372 2359 del.

90 2371 121 2432 B.
138 2401 174 2419 ·-
192 2375 218 2431 9.
236 2375 369 2442 redempt.
388 2373 419 2429 B.
447 2403 482 2419 -
513 2379 552 2430 lu.
571 2375 634 2430 val.
651 2375 747 2444 nequit
764 2375 875 2446 paulam
892 2385 989 2431 saneto
1006 2373 1037 2430 B.
1057 2402 1091 2417 -
1120 2376 1162 2431 14.
1181 2375 1282 2432 Preeee
1299 2371 1370 2430 eti.

90 2471 124 2490 -
145 2448 187 2502 lli.
205 2443 297 2502 Patria
316 2443 348 2501 B.
369 2472 402 2486 -
422 2446 465 2502 id.
483 2443 506 2502 il
523 2443 694 2501 Trinacriam
712 2444 743 2501 B.
765 2475 792 2486 -
814 2447 857 2500 ut.
876 2459 930 2502 ree.
949 2461 1020 2516 quea
1037 2443 1105 2500 iere.
1123 2444 1155 2502 B.
1169 2473 1206 2488 -
1224 2447 1268 2500 23.
1283 2451 1372 2502 “mut

90 2513 182 2574 ierree
199 2515 343 2574 cauum
360 2513 394 2575 B.
413 2543 444 2559 -
464 2517 508 2573 il.
526 2515 632 2574 eeduiie
649 2515 682 2571 B.
700 2517 797 2573 -15,
814 2516 964 2586 perhenni·
983 2557 991 2574 .
1008 2553 1018 2574 .
1034 2515 1119 2588 paim.
1137 2522 1167 2573 et
1182 2516 1233 2573 rit.
1249 2513 1281 2572 Β.
1401 2533 1405 2542 ·

579 2745 650 2809 lli.
690 2738 745 2811 De
767 2760 794 2809 a.
818 2739 894 2808 Volo.

97 2865 125 2931 1.
149 2863 225 2931 Vllo
240 2860 374 2945 pleudat
388 2863 491 2931 omuie
504 2868 595 2932 aetna
814 2864 893 2932 Plus
906 2861 1005 2944 elegit
1021 2864 1234 2946 ooutorquerl.

149 2945 194 3012 Et
207 2963 264 3030 pro
280 2945 354 3012 Vito
370 2945 482 3012 lauden
497 2947 598 3014 laetae
815 2947 917 3023 Quam
932 2945 1073 3028 iniquam
1086 2945 1271 3028 persuaderi

150 3027 552 3095 Chrleloeoleeutotuoia:
816 3029 1120 3095 Putrieabaatutia.

146 3110 210 3179 llio
223 3128 244 3176 a
258 3127 335 3176 vere
348 3110 416 3177 vita
429 3109 522 3177 Vltus
761 3109 791 3174 d.
814 3109 957 3176 Tandem
972 3127 1101 3194 praeeee
1115 3109 1188 3178 huie
1202 3107 1318 3178 rumori

149 3192 262 3261 Nullos
277 3194 390 3260 mortis
404 3209 505 3277 agene
519 3190 601 3260 riloe
815 3193 1096 3266 Praebeueauree.
1113 3191 1222 3260 Vitam
1235 3192 1314 3260 mori

148 3275 232 3344 Puer
245 3275 392 3359 puerilia.
528 3291 532 3302 ·
816 3277 933 3344 Cerreet
947 3277 987 3342 de
1002 3275 1141 3343 iustitia:

94 3353 124 3421 1.
148 3357 247 3438 More,
263 3370 356 3441 gestu
371 3355 627 3438 transcendebat,
815 3359 849 3425 Si
865 3376 927 3424 nou
942 3365 1027 3424 esset
1041 3356 1246 3426 deferendum

148 3438 228 3508 (ium
244 3442 452 3538 proclinata,
472 3459 566 3589 quem
580 3438 715 3521 colebat,
752 3468 758 3512 ;
815 3441 894 3507 Eiua
909 3439 1003 3537 putri,
1018 3449 1052 3506 et
1065 3441 1258 3538 parcendum

119 3523 259 3592 ›Mundu
272 3525 396 3608 eprevit
409 3540 471 3605 gau
496 3541 544 3590 uu:
731 3587 732 3592 ,
804 3525 892 3600 ›Vitu
905 3530 1005 3607 patrue
1019 3531 1133 3604 graue.

147 3606 264 3672 Dulces
278 3605 380 3689 patrie
393 3607 514 3684 sprevit
527 3604 616 3671 eluue
759 3601 790 3664 d.
816 3607 917 3689 Hylae
931 3621 1008 3686 ergo
1024 3603 1240 3685 deprenensus

146 3687 282 3764 Laudes,
297 3690 384 3753 iocos
400 3685 604 3754 nihilomiuue
776 3733 780 3745 .
814 3689 858 3754 Et
872 3705 928 3771 pro
944 3687 1019 3752 Vito
1033 3687 1243 3770 reprehenaue

146 3769 384 3837 Venacensena
399 3769 515 3834 omnia.
772 3794 775 3806 ·
814 3769 908 3837 Vitae
922 3775 1033 3836 narum
1047 3767 1183 3850 gaudia:

93 3847 123 3914 i.
146 3851 209 3920 iiio
222 3855 255 3918 iu
270 3851 357 3917 brevi
372 3853 634 3934 eonsummatun·
725 3923 729 3938 ,
755 3885 772 3908 .·
813 3852 1044 3936 vellamine,
1060 3851 1150 3933 dixit
1164 3850 1239 3920 audi

147 3932 565 4002 inianeeluixablactatue
814 3933 1016 4004 Honoraudie
1031 3934 1081 4001 die
1095 3933 1223 4016 obaudi,

146 4016 232 4084 Puer
245 4017 312 4102 egit
326 4017 432 4088 senia:
706 4079 712 4088 .
814 4017 1082 4088 Odereacrillcial

146 4099 546 4181 t‘atereius,uoooudtto,
759 4097 789 4162 l.
814 4099 1225 4186 Cogitpoeniereuiralur¹

145 4183 239 4252 Hune
253 4185 385 4253 subduci
400 4201 496 4251 eursu
510 4185 575 4251 cito
814 4187 935 4256 Suadet
949 4196 1040 4270 pater
1053 4183 1215 4252 desolatus

145 4266 443 4351 lubetadllugitia.
812 4268 1132 4338 Totacumiomilia:
1263 4315 1271 4336 ,

91 4347 121 4414 d.
146 4351 224 4418 Post
237 4351 364 4435 flagella
379 4349 605 4419 blandimentis
813 4353 875 4422 Sed
889 4370 947 4419 neo
960 4347 1068 4417 Vllum
1083 4349 1266 4420 temnebat

144 4434 599 4517 Eblunditur‚eedtorrueutie
811 4437 979 4518 nepisina
994 4451 1053 4500 neu
1068 4435 1216 4504 movebat

145 4515 438 4596 Querieousteutia
812 4517 1145 4604 Menoepateranxia
