2884 4986
601 225 747 330 -uoe
789 297 832 312 -

197 440 270 507 uus.
313 435 1238 527 rosououuroooc.oosarrsrosammra.

73 581 102 644 l.
127 571 328 672 Septiiornuls
341 573 444 642 crucis
458 573 578 644 christi
794 575 1032 658 Consequentur
1044 575 1211 660 longitudo

124 655 450 740 Tnunrphnllplouuu
468 657 573 740 (lignis
794 657 865 738 Quo
879 661 1024 742 signetur
1037 661 1220 728 sanctitudo

124 740 204 808 Pros
246 756 361 806 namur
374 737 538 808 leudibus:
791 741 1003 810 Perseveruns
1016 743 1141 810 colitur.

124 823 208 890 Toto
303 821 530 905 persolvamus,
680 823 683 832 ’
737 831 768 893 4.
794 825 874 891 Pure
888 825 1032 892 sublimis
1045 825 1230 894 montescot

124 905 225 973 Dulce
257 905 265 922 ⁹
310 922 364 971 unu
379 920 578 989 opponemus
792 906 884 988 Quod
898 911 930 974 in
946 909 1034 976 coeto
1047 909 1141 976 nobis
1154 915 1259 977 resut

123 989 246 1056 Inimici
310 988 438 1056 nulibus.
667 1051 670 1056 A
792 991 889 1058 Certe
901 991 1122 1074 repromissio:
1314 1058 1319 1070 ,

67 1077 98 1142 3.
122 1069 485 1153 lnlnocnignogloriuri
789 1072 1096 1156 Inprolundoqucd
1112 1073 1285 1142 nonrides

122 1153 189 1220 Nos
203 1159 331 1235 oportet
344 1171 383 1220 uc
397 1151 506 1220 mironi
790 1155 838 1220 Ne
854 1162 1038 1238 praesumat
1051 1160 1160 1224 csntct
1173 1155 1252 1224 ides
1312 1179 1317 1186 ·

122 1237 201 1304 liius
214 1234 490 1302 circumstantias:
789 1238 901 1304 Cesset
913 1237 1087 1320 inquisitio.

121 1319 232 1386 crucis
247 1319 331 1384 enini
346 1317 543 1398 quadratura
735 1325 764 1386 5.
789 1320 1187 1387 Istocrucissocruments

4 1417 6 1462 ι
121 1401 209 1468 Sacri
224 1400 329 1467 cultus
342 1399 376 1466 in
389 1399 493 1481 ligura
789 1401 1147 1485 Comprehendetmens
1161 1404 1291 1471 inuenta
1379 1417 1381 1420 ’

4 1501 5 1506 ’
121 1485 212 1552 (ierit
226 1483 456 1559 observantius.
787 1483 881 1551 Vitae
895 1488 1151 1570 propugnaculo:

64 1572 93 1634 3.
119 1567 189 1646 Quo
203 1567 264 1633 sub
279 1567 344 1633 ritu
359 1565 460 1631 tonus
475 1565 577 1649 primu
788 1567 890 1635 Huius
905 1568 983 1652 ligni
998 1589 1054 1654 per
1069 1571 1218 1636 virtutem

119 1649 270 1718 cantatis
284 1649 466 1731 expressius
516 1721 518 1723 ,
787 1651 853 1719 Vos
867 1653 1067 1734 perduratio
1084 1653 1218 1720 soluturo

119 1733 270 1801 latitudo
285 1733 429 1816 ponitur:
786 1735 896 1815 Agnus
910 1735 977 1802 sine
991 1737 1125 1802 rneculu.
1157 1736 1271 1802 Arnen.

347 2029 419 2092 884.
460 2022 513 2091 De
526 2023 680 2108 protono
699 2024 904 2108 martyribus.
946 2025 1059 2092 Prono.

60 2161 86 2225 1.
109 2157 220 2222 Aturus
234 2154 381 2221 coelestis
397 2154 529 2222 militine
542 2153 675 2234 signiler
689 2173 745 2221 rex
759 2161 934 2237 martyrum
950 2157 1051 2222 virtus
1064 2162 1098 2223 et
1111 2157 1225 2238 gloria,

56 2245 84 2307 3.
107 2239 193 2315 Quos
208 2255 353 2304 rosunum
370 2240 535 2305 vernantia
549 2237 701 2305 deoonnt
715 2237 826 2304 luurco
840 2238 914 2304 rudi
930 2245 1055 2305 tuorunr
1072 2238 1263 2320 precamine

54 2327 84 2391 3.
108 2322 207 2388 Lecto
221 2325 352 2386 cruuntur
367 2320 569 2402 hymnologis
583 2322 749 2404 purpurati
765 2339 913 2402 proceres
926 2323 1089 2388 iubilundo
1103 2321 1277 2388 laetemini.

54 2411 83 2472 t.
105 2405 142 2471 ln
165 2421 240 2502 rocc
254 2403 372 2553 tpsalmi
391 2403 533 2488 hymnite
553 2404 680 2470 domino
700 2406 734 2468 et
754 2405 933 2471 exaltantes
955 2423 1062 2488 regem
1081 2423 1191 2488 regum
1206 2403 1359 2474 exultetc

201 2505 252 2552 rus
282 2535 290 2550 .
919 2523 923 2532 ·

52 2575 82 2637 5.
103 2568 147 2634 Et
160 2569 281 2650 glotino
295 2567 430 2651 tropheo
443 2585 586 2635 sunrmso
600 2567 685 2635 necti
742 2569 806 2634 lnru
820 2571 965 2650 martyrii
979 2571 1168 2652 gloriamini.

52 2657 82 2720 6.
104 2653 196 2718 Omni
212 2653 331 2719 honore
346 2651 433 2732 digni
450 2667 559 2718 omues
573 2651 652 2718 recti
693 2653 698 2665 '
716 2653 836 2734 'gentes
851 2653 954 2720 Deum
968 2671 1006 2719 ex
1021 2654 1125 2720 cordo.
1157 2735 1159 2742 Ι

600 2852 761 2862 —u—.—--—
782 2853 787 2860 .

376 2989 448 3067 8'85.
490 2999 544 3066 De
564 3000 806 3088 consessoribus.
847 2997 1024 3083 Socratico.

53 3138 79 3202 1.
106 3133 542 3216 Aregeuumsconlossorunu
773 3135 822 3200 'lu
838 3133 1119 3200 rirmunulueritu
1133 3135 1221 3198 tutus
1415 3153 1422 3164 ·

104 3216 227 3281 ilicone
242 3216 274 3280 in
289 3215 356 3280 altu
370 3217 514 3298 polorum
773 3216 809 3282 In
825 3214 1146 3282 amoniciontulotus

11 3343 17 3356 .
103 3297 198 3364 Vites
212 3297 366 3362 virtutum
382 3304 415 3362 et
429 3315 551 3363 morum
773 3298 848 3363 Pius
863 3298 989 3363 fervens
1003 3303 1037 3362 et
1050 3297 1185 3363 devotus

102 3379 273 3460 Exemplar
287 3381 466 3461 egregium:
771 3380 882 3446 lnDei
899 3381 1038 3447 servitio.

102 3462 151 3528 Tu
167 3460 316 3545 proluens
330 3462 408 3527 coeli
425 3480 497 3528 roro
716 3470 745 3531 3.
772 3462 883 3528 Gaude
896 3462 971 3545 quia
988 3461 1140 3527 refulsisti

100 3541 447 3611 Paradisiflosdocore
771 3544 1243 3624 Volutsolintomplochristi

100 3627 209 3693 Vincis
224 3625 401 3693 bohemum
416 3625 513 3693 odore
741 3627 870 3704 Quem
885 3628 1062 3710 quaerebas
1077 3626 1227 3694 invenisti
1289 3677 1292 3684 2

99 3709 441 3793 (lundensplusqucnr
458 3709 569 3776 lilium.
770 3708 872 3792 Super
887 3717 975 3774 astru
989 3708 1124 3790 plonius:

44 3794 72 3857 3.
98 3791 191 3859 Salve
206 3793 328 3876 lampas
341 3801 374 3858 et
389 3793 519 3858 lucerne
768 3791 1107 3858 Oruvotischuritctie

96 3875 182 3942 Luce
197 3876 306 3942 lucens
321 3876 524 3957 sempiterna,
766 3875 899 3941 Fontem
914 3875 1016 3939 omnis
1030 3873 1183 3941 bonitatis

95 3956 141 4024 Te
155 3957 354 4023 Hierusalem
370 3977 508 4038 superne
769 3955 813 4022 Ut
828 3957 883 4022 det
898 3957 990 4022 nobis
1005 3975 1075 4022 curu
1091 3955 1195 4024 beatis

96 4041 230 4122 Recepit
244 4057 315 4105 cunr
330 4041 465 4123 gaudio:
767 4038 1011 4106 Suulruiiucie.

31 4139 33 4142 ’
110 4144 206 4204 Text.
241 4146 321 4204 oldut
339 4149 411 4205 cocle
428 4150 466 4204 im
484 4145 707 4235 Mttnutcricrles
726 4141 864 4204 Gunduslo
880 4162 935 4202 oon
953 4149 1033 4201 1536.

585 4369 756 4384 ...............
760 4372 782 4379 -.
