2830 4996
563 169 774 270 ’.470-

22 299 24 344 l

45 378 518 464 tcmxemnrbardeaaratu,
677 403 681 410 ¹
755 379 1217 465 Manuspeelesperioderunt.

22 489 23 494 ¹
82 459 525 547 christisangninesaamtn,
755 463 1112 548 Etaaetoputnverunt

80 545 319 629 mauspleus
332 544 510 615 fructibus:
566 625 569 631 ,
757 545 922 613 Summum
935 565 1045 630 regem
1059 549 1173 633 seenli;

79 626 202 705 Quibus
214 627 344 696 ammae
358 634 525 713 eruuntur,
688 631 737 698 12.
755 629 1054 697 Cuiusoaulibeati

79 709 322 795 Gumaupernis
338 714 525 779 nutriuntur
756 710 839 778 Sunt
852 712 885 777 in
901 729 993 780 arnae
1008 712 1178 797 obscurati,

77 792 429 861 Ginisinaaelestibus.
755 795 799 862 Et
812 794 921 862 vulnus
935 796 1106 879 expalluit:

42 876 476 959 aspeeimemleramorem
756 877 820 945 Suo
835 879 959 963 corpori
974 887 1050 946 tune
1064 880 1150 946 nuda

77 961 117 1026 Et
128 963 340 1045 praecipuum
357 962 511 1030 honorem
538 1046 542 1054 Ι
754 961 826 1029 Nan
841 962 997 1030 remansit
1010 962 1222 1046 pulchritudo,

79 1044 168 1110 Cruci
183 1045 389 1112 salutiferae:
754 1047 858 1113 Decor
873 1047 975 1112 amnis
990 1045 1123 1130 aufugit.

78 1127 296 1196 Gumieruore
313 1129 537 1212 medullarum,
688 1129 736 1196 13.
754 1129 892 1212 Propter
906 1129 1068 1198 hominum
1082 1138 1214 1216 peecata

76 1212 290 1280 Nixuviriurn
308 1221 437 1279 tuarum
755 1215 1066 1281 Suacaraerueiata

77 1297 160 1362 llelis
174 1297 262 1364 hune
276 1297 422 1378 diligere.
755 1298 832 1364 Fuit
844 1299 930 1364 inter
943 1300 1093 1365 verbera:

40 1377 64 1442 l.
76 1379 254 1462 Diligenter
269 1399 353 1464 pane
368 1383 507 1446 mentem
754 1381 900 1447 Membra
915 1400 974 1448 sna
989 1391 1065 1448 sunt
1079 1382 1216 1451 distenta
1261 1399 1262 1402 ’
1390 1375 1391 1378 '

78 1465 177 1547 Super
191 1465 358 1530 christum
373 1467 559 1548 patientem,
754 1465 890 1546 Propter·
904 1483 1019 1548 aspera
1033 1472 1193 1534 tormenta

77 1547 158 1614 Elei
174 1549 367 1615 condolens:
436 1617 438 1624 ,
753 1548 796 1614 Et
810 1549 903 1614 illata
916 1550 1057 1615 vulnera.

78 1629 192 1698 Christi
205 1638 355 1710 mortem,
370 1631 563 1715 Christiane,
686 1641 735 1704 14.
754 1632 844 1698 Inter
858 1651 991 1714 magnas
1008 1633 1168 1700 eruciatus

75 1709 193 1796 Plange
207 1735 282 1782 sera
297 1725 396 1798 atque
410 1733 513 1796 mane,
753 1716 812 1780 Est
825 1715 858 1780 in
873 1733 965 1782 cruce
980 1716 1174 1799 lacrymatus

76 1797 115 1862 Et
126 1801 159 1864 in
174 1800 311 1880 planctu
326 1799 480 1881 gaudeas.
754 1799 797 1863 Et
811 1800 917 1865 emisit
932 1799 1095 1882 spiritum:

27 1879 371 1963 lausannensem,
386 1898 482 1962 quam
494 1881 636 1950 deiectus
752 1881 955 1962 suspiremus
970 1887 1002 1947 ut
1017 1883 1163 1964 fleamus,

75 1961 138 2030 Rex
151 1965 318 2030 caelorum
333 1973 383 2030 est
397 1963 537 2045 effectus,
752 1963 831 2029 Tota
847 1964 942 2029 annale
957 1964 1121 2031 doleamus

78 2045 473 2113 Utsaluaretsaeeulum:
752 2045 1076 2128 Superunigenitum.

75 2129 392 2210 anrivitelsitivit
686 2135 733 2198 15.
753 2128 1186 2210 Crucifixuiaemeiurtem,

76 2211 199 2296 Pauper
214 2219 249 2279 et
263 2231 387 2293 egenus
401 2212 462 2278 ivit
751 2210 798 2276 Ut
812 2213 950 2278 libenter·
963 2220 1051 2278 lnam
1067 2211 1201 2279 martem

77 2293 182 2379 Usque
198 2297 243 2362 ad
257 2296 450 2379 patibulum.
649 2341 651 2344 -
752 2295 916 2376 Plangnm,
932 2295 1031 2361 donee
1044 2297 1168 2362 vixero:

29 2383 64 2444 ll.
78 2376 177 2454 Quum
192 2378 354 2446 deductus
371 2385 423 2444 est
436 2379 609 2446 immensus
751 2378 869 2443 Tecum
883 2379 956 2444 volo
971 2379 1140 2458 vulnerari,

75 2463 159 2528 Elin
174 2481 273 2528 cruce
289 2467 368 2529 tunc
382 2479 565 2546 suspensus,
752 2461 797 2527 'ie
812 2463 950 2527 libenter
964 2461 1138 2544 amplexari

74 2544 242 2629 Fugerunt
256 2545 425 2629 discipuli:
750 2545 787 2611 In
803 2545 1066 2612 arucedesidero.

75 2651 165 2710 Text.
202 2652 308 2709 Daniel
326 2653 362 2732 ll,
387 2657 446 2709 101.
467 2668 520 2709 aar
537 2651 739 2709 Bambaat'r
756 2651 926 2724 Aatlroloyr'e
943 2651 971 2722 I,
989 2654 1051 2710 315.

460 2927 510 2990 6³.
553 2921 607 2990 Da
626 2929 741 2992 saneta
761 2941 862 2989 cruce.

30 3049 156 3118 annae
170 3053 299 3136 lignum
313 3054 495 3134 adoremus,
736 3056 805 3122 Ave
819 3053 951 3134 lignum,
966 3052 1054 3135 quad
1067 3053 1158 3122 initi

64 3131 174 3201 Dnlees
189 3137 301 3202 claras
316 3153 515 3216 ueneremur,
735 3137 876 3218 Dignum
891 3136 974 3201 farra
991 3153 1105 3218 corpus
1121 3137 1251 3221 curisti,

65 3215 199 3284 Verbum
213 3219 321 3302 patris
335 3219 582 3301 praedicemus·
735 3219 856 3286 Mundo
871 3219 962 3300 lapso
977 3220 1141 3287 contulisti

65 3298 414 3384 Sullamnipraeaanin:
736 3303 843 3367 Vitam
859 3308 892 3366 et
905 3301 1083 3384 imperium.

66 3379 176 3450 christi
190 3401 323 3450 erucem
338 3386 519 3466 adoremus,
679 3388 709 3450 3.
735 3384 881 3450 Christus
895 3385 927 3448 in
943 3385 1209 3469 tetriumphavit

64 3463 482 3552 Cruriiimmrlepreeemur,
735 3466 840 3532 Marte
854 3473 990 3532 mortem
1005 3470 1169 3548 superavit

66 3545 460 3618 Utablrnstaliberemur
680 3605 683 3612 .
733 3549 777 3615 Et
792 3553 940 3632 potenter
956 3550 1106 3633 spoliavit

65 3629 165 3700 mnan
179 3635 373 3718 patrocinio.
734 3633 1037 3699 Acheruntisntria:

28 3709 261 3799 tirelignum
276 3717 466 3801 pretiosum,
570 3741 574 3748 ·
734 3715 1233 3799 Ilinapraeviamatqueduaem
1318 3721 1320 3726 ’

64 3793 183 3867 Pondus
199 3799 308 3866 serens
323 3799 507 3881 gloriosum,
734 3796 917 3864 Habeamus
932 3799 1050 3865 Christi
1068 3817 1204 3881 crucem,

65 3875 225 3955 Quendam
238 3901 312 3950 eras
327 3900 498 3949 onerosum
735 3877 781 3946 Ut
795 3880 903 3946 videre
918 3900 1026 3949 veram
1041 3883 1145 3950 lucem

65 3961 167 4033 llartis
180 3966 396 4050 improperia:
734 3962 897 4030 Pessimus
911 3965 945 4032 in
960 3967 1075 4050 patria.

77 4087 100 4126 a
116 4071 213 4131 Text.
250 4075 337 4132 Mona
354 4075 407 4132 Nn.
429 4075 489 4130 106.
507 4074 544 4200 (ἓ
565 4069 636 4144 1111.)
654 4070 1057 4147 aaa:„Hr.2aL1·atreatlal‚
1075 4075 1303 4133 111111111-

30 4133 103 4200 luel
119 4145 152 4215 V,
169 4149 215 4204 92.
233 4147 286 4204 luat
305 4147 351 4203 alie
368 4149 388 4202 2
404 4151 498 4202 cretea

78 4233 101 4290 l.
117 4235 304 4295 Lerartan.
343 4240 367 4309 1,
385 4239 410 4292 t.
429 4233 621 4308 praedicamur
639 4229 692 4288 Ha.
711 4261 746 4276 -
764 4235 789 4305 11,
805 4237 828 4289 1.
846 4235 898 4292 Hie
915 4235 967 4292 Ila.

31 4321 331 4465 ὦῗῶῗὲἶήιῗηεῠὰ
351 4323 537 4452 ,ῄξξίτοηιίε
554 4329 608 4379 atr.
625 4337 669 4376 =
689 4319 800 4393 Vortos
815 4324 865 4379 der
882 4323 975 4398 Helle,
990 4327 1035 4381 eia
1058 4325 1211 4398 newttltar
1228 4323 1302 4382 Aac·

540 4141 612 4200 aa‘lea
630 4157 683 4198 aar
702 4141 768 4200 ced.
788 4143 815 4201 S.
834 4143 904 4200 Gall.
923 4148 976 4204 ule
993 4148 1148 4222 (Brundar).
1278 4211 1281 4221 ¹
1385 4181 1388 4188 ,
