2890 4998
661 216 871 288 ’.21-

121 401 264 468 Romene
290 398 421 465 ecclesie
445 399 552 465 Leorm
580 400 713 466 decimo.
754 401 904 466 Habenas
930 404 996 466 aut.
1024 400 1149 481 imperii
1176 401 1310 467 Romani
1342 421 1402 467 mo

121 485 255 551 derante
282 481 569 548 Muuimoemiliano
602 483 719 548 Desara
754 486 900 564 Augusto
935 483 1154 550 inuictissimo.
1204 484 1269 548 Arra
1302 483 1402 549 Ende:
1436 491 1437 560 j

121 565 329 642 Elaboratum
356 568 407 629 est
435 581 567 646 presens
601 583 681 631 ons
710 564 891 645 Hagcnoic:
930 566 1102 631 secundum
1133 565 1231 632 ritum
1266 583 1304 631 ac
1338 585 1403 632 een·
1436 623 1437 628 ,

121 647 324 715 suetudinem
352 646 473 711 ordinis
501 647 567 712 diui
597 585 761 713 Dgnedicti
797 648 836 713 de
871 648 1076 714 obseruantia
1108 667 1165 730 per
1193 649 1403 714 Germaniam:
1436 637 1437 706 l

120 749 177 818 per
204 729 396 796 industrium
420 730 523 794 virum
552 728 705 797 lhomarn
730 731 937 797 anshelmum
958 732 1143 800 Badensem.
1188 735 1279 798 huno
1307 734 1403 799 iucar-
1436 707 1437 790 i

120 813 269 884 nationis.
297 811 504 880 mhxvru.
546 811 656 881 Mense
678 814 846 882 Janrrario:
883 815 1054 898 exemplari
1093 814 1197 881 denno
1225 817 1402 883 emendato:
1436 825 1437 864 ³

121 905 155 966 et
189 899 222 964 in
251 895 397 979 pluribus
425 896 509 964 locis
542 900 780 966 aeerrratissime
815 900 970 979 castigato
1008 917 1064 982 per
1095 900 1280 980 religiosum
1308 901 1403 966 viram

120 982 261 1067 ejttsdem
289 981 420 1048 ordinis,
447 1015 490 1030 -
518 980 595 1064 Aes
617 983 671 1047 cler
699 984 807 1048 lctstcn
834 982 914 1048 Seite
941 983 993 1046 dos
1020 983 1127 1047 ietztcn
1151 981 1277 1048 Blattes
1300 985 1352 1050 der
1376 985 1406 1046 iu
1436 999 1437 1002 ’

120 1069 175 1134 der
202 1063 426 1130 Paula‘m'sehcn
453 1062 627 1130 Brittannia
654 1086 697 1130 zu
721 1063 867 1130 Miinster
894 1064 1091 1147 hefirrdh'edcn
1115 1063 1308 1146 Ercrrryrlors
1334 1065 1405 1130 steht
1437 1079 1438 1142 l

121 1149 171 1216 dle
197 1143 336 1229 Querar
364 1143 425 1212 Nr.
452 1151 516 1212 367
542 1146 752 1230 pesclu-ichen,
789 1149 856 1214 arrd
883 1168 946 1212 arur
974 1147 1055 1214 dicsc
1083 1147 1162 1215 ionic
1189 1149 1240 1212 ich
1268 1149 1331 1214 mir
1359 1149 1406 1215 od·
1437 1151 1438 1228 l

120 1230 277 1298 schreidcn
302 1229 415 1294 lassor.
1437 1259 1438 1266 κ

206 1313 275 1459 Μὶζ
289 1311 420 1378 Missale
440 1311 583 1378 Diocesis
605 1311 811 1380 Calontensis.
853 1313 974 1380 venale
996 1313 1132 1380 hahetur
1152 1315 1237 1397 apud
1260 1314 1407 1394 templum
1437 1319 1438 1326 ’

120 1397 218 1466 tunm
276 1411 369 1476 egum
399 1394 433 1460 in
462 1394 573 1477 pingui
602 1394 731 1461 Gallina
761 1401 849 1462 1520.
892 1396 970 1480 Ares
993 1398 1048 1462 der
1076 1397 1254 1462 Re'r'chseitc:
1284 1398 1407 1463 hlissale
1437 1407 1438 1416 ’

121 1480 163 1548 ad
189 1496 281 1545 usum
307 1478 441 1544 diocesis
465 1475 674 1559 Coloniensis,
702 1497 722 1545 a
750 1480 848 1547 variis
876 1481 998 1546 mendis
1028 1479 1068 1546 ad
1098 1482 1206 1546 limam
1230 1481 1406 1548 redactum:
1437 1541 1438 1544 ,

121 1565 226 1644 atque
254 1561 406 1644 impensis
434 1559 596 1627 Francisci
625 1563 806 1645 byrclrmnu,
835 1563 867 1628 in
894 1565 980 1630 ahna
1007 1564 1202 1629 Parisiorum
1230 1563 1406 1642 Academia,

120 1643 368 1727 aWelffgango
397 1643 524 1726 hopylio
552 1646 742 1728 impressum
772 1651 862 1712 1520.
887 1682 929 1698 --
954 1645 1012 1711 Ich
1040 1647 1117 1712 dado
1144 1669 1208 1712 ann
1235 1647 1335 1728 cirripe
1357 1647 1407 1714 Sc

121 1749 258 1816 quarnaco
285 1728 382 1793 cloria
409 1725 596 1807 oerylcirhen
624 1729 735 1794 loeson.

206 1811 258 1958 15?
288 1809 418 1876 Missnle
446 1810 487 1875 ad
515 1829 607 1876 sacro
636 1820 745 1878 sancte
773 1811 914 1877 Romane
944 1813 1076 1878 ecclesie
1104 1831 1203 1891 usum,
1233 1813 1410 1894 nuperrime

122 1913 193 1961 cum
221 1894 383 1976 perisqna
412 1893 536 1959 deuotis
562 1895 666 1975 prosis
691 1896 741 1960 vel
766 1896 941 1977 sequentiis
966 1903 1041 1962 ante
1066 1896 1125 1961 hac
1151 1914 1311 1978 nurrquam
1337 1897 1409 1962 visis

121 1979 336 2057 efformatum,
394 1978 636 2059 eruenustisque
664 1977 805 2044 historiis
831 1978 965 2043 ubilibet
992 1979 1148 2060 coaptatis
1177 1979 1351 2060 expolitum
1379 1985 1409 2042 ct

119 2060 319 2127 adornatum.
370 1996 582 2126 generentur
616 2061 742 2142 parisiis
778 2061 809 2125 in
844 2061 913 2124 vico
950 2061 1016 2125 diui
1045 2061 1152 2126 Iacobi
1190 2061 1276 2142 apud
1307 2058 1410 2126 lhiel-

119 2160 271 2208 maunum
284 2141 419 2223 Komar,
445 2141 486 2208 ad
508 2141 634 2222 signum
655 2144 823 2222 unicornis,
849 2143 901 2207 vbi
927 2149 960 2208 et
981 2144 1179 2224 impressum.
1222 2146 1286 2211 tha
1307 2141 1410 2208 Eudo:

117 2223 249 2293 Misselo
276 2225 318 2290 ad
347 2225 608 2290 consuetudinem
635 2226 777 2292 Romane
812 2226 943 2291 ecclesie
971 2227 1120 2310 peruigili
1148 2245 1225 2293 eura
1252 2247 1272 2292 a
1300 2227 1410 2309 pleris-

119 2327 181 2393 que
209 2307 332 2374 mendis
361 2314 543 2415 purgatum,
573 2327 610 2374 ac
639 2310 768 2390 parisiis
792 2309 959 2376 industriis
989 2318 1022 2375 et
1050 2310 1202 2390 impensis
1228 2309 1410 2392 peritissimi

117 2389 333 2473 bibliographi
366 2391 560 2456 ruieunanni
588 2391 712 2458 Kcruer
739 2394 956 2459 vrriversitatis
982 2393 1140 2476 parisinne
1166 2395 1287 2459 librarii
1314 2392 1410 2459 iurati

118 2475 332 2554 efformatum,
363 2474 396 2541 in
422 2473 546 2541 officina
571 2493 630 2541 sua
655 2477 714 2542 suh
739 2477 829 2558 signo
851 2477 1008 2544 unicornis
1030 2479 1062 2542 iu
1088 2479 1157 2542 vieo
1182 2477 1312 2542 iacohco
1339 2478 1409 2542 sita.

117 2564 210 2627 hnno
237 2559 350 2628 salutis
376 2565 483 2626 nestro
509 2556 766 2628 moecheris.
793 2561 844 2627 die
870 2559 987 2628 XXIII.
1014 2563 1133 2628 mensis
1157 2561 1249 2626 Iunii.
1271 2597 1315 2609 —
1334 2559 1410 2628 Die-

116 2665 164 2709 ses
191 2643 308 2723 sollerte,
336 2641 372 2707 r'u
399 2647 429 2710 4.
455 2642 620 2726 proruente
643 2643 739 2710 Bacch
763 2643 840 2710 lando
862 2644 913 2709 tea
937 2665 998 2710 ocos
1028 2645 1084 2710 cler
1107 2644 1329 2726 hiscln'a'flichcn
1358 2647 1411 2714 Sc·

117 2725 385 2796 micordo'hliothclc
413 2748 455 2794 art
484 2725 630 2794 Mdrnstcr
666 2748 739 2792 sacru
771 2725 951 2795 Geironche
978 2729 1116 2796 crholica
1143 2731 1211 2795 arrad
1237 2749 1278 2808 es,
1306 2728 1351 2794 da
1380 2751 1410 2796 cs

111 2815 176 2898 fiir
203 2812 253 2877 da
280 2809 398 2877 fratros
426 2810 564 2878 minores
593 2829 618 2878 s.
647 2812 809 2878 Francisci
836 2813 987 2877 destinanti
1013 2835 1097 2893 conr,
1126 2814 1174 2879 ala
1202 2811 1291 2879 Miss.
1319 2811 1411 2881 fratr.

120 2894 221 2960 Paris.
259 2898 341 2959 1520
373 2891 550 2976 orrprrfiihri.
600 2893 641 2960 In
675 2895 787 2958 diesem
816 2895 949 2961 Misselc
983 2896 1084 2960 staden
1112 2901 1133 2960 6
1161 2897 1338 2978 anrreasca
1368 2918 1410 2963 nu

119 2973 349 3043 verschiedcncn
382 2973 508 3054 Stellcay
547 2974 602 3041 ΒΖ.
637 2977 780 3072 51-803·
819 2981 995 3074 sequuntur
1034 2979 1121 3076 (ht)⁸
1140 2978 1303 3058 sequentis
1342 2981 1411 3046 siue

119 3057 514 3207 uttrtrtlihlttlt
538 3057 1413 3223 ttihtttlt?⁰'lrttlmlurlthlhul‘ttt

65 3251 67 3256 ·
118 3225 210 3304 tiqua
242 3219 439 3288 consuetudo
474 3222 645 3287 multorum
679 3229 745 3288 tam
782 3226 816 3290 in
849 3223 961 3288 ordine
999 3225 1156 3289 minorum
1195 3241 1290 3305 quarn
1330 3225 1408 3292 alibi

117 3305 224 3370 hahet.
267 3301 391 3370 Deinde
419 3311 594 3384 sequuntur
622 3302 712 3384 (132)
742 3307 906 3386 sequeutic
938 3305 1006 3370 sine
1034 3325 1129 3386 proso
1158 3306 1197 3371 de
1226 3307 1354 3372 sanctis.

203 3387 255 3466 16)
284 3385 405 3451 Textus
433 3386 679 3466 sequentiarum,
708 3390 833 3456 accon
866 3385 1147 3468 Wochernnycl
1173 3391 1204 3453 5.
1230 3425 1271 3437 -
1295 3387 1411 3453 Druck

115 3469 184 3535 arrd
207 3468 420 3548 Ausstcttunp
442 3468 586 3534 atirrrnrcu
602 3489 706 3549 perron
730 3467 854 3536 iiber-cia
877 3469 934 3533 orit
957 3471 1012 3534 der
1035 3471 1199 3553 Expositip
1222 3471 1411 3553 hymnorum

8 3575 10 3578 ’
116 3551 265 3634 perutilis
293 3552 503 3632 omnibusque
530 3552 684 3632 salubri8‚
720 3550 769 3615 clr'c
797 3551 877 3620 euch
905 3551 982 3616 ohrrc
1009 3552 1141 3633 Arrynhc
1168 3556 1219 3618 des
1247 3554 1411 3620 Drurkrrs

115 3636 183 3700 arrd
208 3633 411 3712 Dracoona,
441 3635 515 3698 oder
541 3634 623 3698 arecia
647 3633 762 3698 Daniel
789 3635 815 3714 1,
844 3635 961 3702 XVIII.
987 3636 1020 3701 in
1044 3637 1168 3701 otiiehre
1193 3637 1426 3716 Quintclliana,

117 3720 201 3784 circa
229 3735 347 3783 annum
374 3714 569 3782 MCGCCXO
597 3717 632 3781 in
660 3716 749 3781 Kato
776 3718 949 3784 crochr'oncn
976 3719 1025 3784 ist.

201 3801 254 3883 17)
285 3800 456 3881 Sequentie
485 3806 518 3865 ct
545 3799 652 3882 hymni
676 3819 735 3881 per
759 3807 862 3868 totum
885 3819 1011 3866 armum.
1054 3803 1117 3866 Aru
1142 3802 1249 3867 Eudo.-
1278 3802 1412 3869 Finiunt

115 3883 278 3964 sequentie
314 3892 348 3950 et
383 3881 490 3966 hymni
524 3899 581 3964 per
616 3888 718 3947 toturn
752 3903 870 3950 annum
906 3885 979 3950 tarn
1001 3885 1042 3951 do
1071 3893 1212 3967 ternpore
1240 3903 1337 3964 quam
1368 3887 1409 3950 de

115 3967 244 4032 sanctis.
287 3965 438 4047 impressi
459 3965 632 4030 Dauentrie
660 3982 717 4048 per
744 3985 795 4032 me
823 3965 1016 4032 Richardnm
1044 3969 1187 4052 patiraet.
1229 3969 1322 4032 Anno
1350 3967 1409 4033 do-

114 4049 192 4114 mini
219 4046 473 4114 dccccxcv.
516 4048 646 4113 hocine
680 4066 764 4116 nona
796 4048 882 4132 llnij.
911 4055 940 4116 4.
967 4055 1032 4114 dd
1066 4050 1245 4134 trrrycrdlclte
1272 4049 1409 4116 Bldlicr.

114 4129 169 4197 Bt.
197 4133 313 4196 2-22
340 4129 442 4194 sichen
471 4133 516 4194 52
542 4130 729 4213 chrrcnroa.

200 4215 252 4296 18)
281 4213 524 4295 Sequentiarum
550 4213 711 4280 luculenta
732 4215 955 4298 interpretatio
976 4215 1091 4282 nedum
1116 4216 1325 4290 scholasticis,
1350 4216 1408 4283 sed

114 4301 148 4363 et
175 4296 397 4365 ecclesiasticIs
425 4299 555 4380 cognitu
583 4301 764 4364 necessaria
791 4318 848 4446 per
876 4299 962 4364 Ioan.
992 4299 1212 4382 hdelphunr
1240 4300 1409 4382 physicum

114 4381 324 4462 Argentinum
348 4379 489 4447 collecta.
531 4383 624 4448 Ilnno
648 4381 767 4448 domini
792 4381 964 4450 II.D.XIII.
996 4382 1069 4463 (Per
1091 4386 1179 4450 Ioan.
1205 4383 1407 4464 llnoulaueu

112 4463 360 4546 Argmtinorum
388 4465 611 4545 impressorem
636 4464 849 4549 impressum.)
877 4502 919 4515 —
948 4463 995 4529 Isi
1023 4467 1072 4531 dic
1094 4466 1226 4549 Anpudc
1250 4467 1306 4531 dn·
1330 4470 1409 4534 Les·

113 4552 204 4612 arten
239 4567 300 4614 aas
327 4547 490 4630 adelphus
525 4549 573 4614 hei
600 4545 713 4614 Daniel
748 4551 789 4630 (s.
818 4567 852 4625 c,
893 4548 924 4629 l)
960 4548 1087 4632 nieht-ip,
1124 4571 1158 4615 so
1189 4550 1297 4616 reeicit
1324 4551 1408 4617 diem

113 4627 262 4716 Auspode
288 4652 347 4698 vora
374 4633 429 4699 der
459 4652 519 4701 orca
546 4633 615 4700 dena
642 4627 677 4698 J.
706 4629 875 4701 MDXIX
899 4630 968 4697 dier
995 4635 1062 4700 arrd
1088 4635 1132 4702 do
1160 4633 1209 4700 ab.
