2862 4992
579 185 588 220 ³
701 195 931 274 -nsu-

171 378 516 452 ''tsedutncebaati
584 337 589 348 ι
678 415 681 420 ’

229 463 500 616 ἓίειῗειεεάοεοῖιῖεῃταίὶιί.
521 549 632 616 Amen

154 715 156 719 ¹
243 652 342 712 Tenc.
377 654 659 716 medemena
680 658 758 715 teau.

538 974 610 1040 cut.
650 968 704 1039 De
724 968 952 1040 unce-Maru
971 971 1103 1054 mylae.

174 1112 201 1173 1.
227 1099 397 1168 Gratulare
410 1099 501 1183 plebs
514 1100 618 1170 fidelis
698 1121 699 1126 ¹

227 1183 356 1251 Summe
370 1184 464 1266 putri,
479 1185 580 1282 quiin
594 1185 690 1254 coelis

224 1265 627 1418 iuliacense

80 1479 82 1484 .
138 1509 140 1514 ,
223 1429 305 1499 Τοιο
318 1433 391 1499 εἰει
405 1432 510 1500 cordis
526 1432 644 1516 plaude

221 1515 372 1583 Laudans
385 1515 467 1582 hanc
480 1517 664 1585 solenniter.

166 1726 196 1789 a.
220 1721 310 1788 Haec
323 1727 374 1790 cst
387 1723 470 1790 euim
485 1725 580 1791 laude
594 1722 692 1805 digna

220 1805 351 1872 Petrum
367 1807 493 1891 seriptis
507 1813 541 1874 et
554 1826 613 1892 per
626 1807 719 1890 signa

220 1889 375 1972 Figurate
392 1892 541 1960 coelitus:

219 1973 310 2040 Haec
324 1983 374 2042 cst
388 1982 491 2044 mater
505 1973 728 2061 orphanorum,

218 2059 299 2142 Spes
312 2065 474 2126 uncorum
489 2060 676 2128 miserorum

217 2141 313 2211 Vitae
327 2143 466 2212 reddens
480 2145 619 2215 additus.

162 2350 779 2438 &Garulesponsaeummiregis¹

216 2435 574 2518 Cundlmentumnovae
588 2435 669 2518 legis

215 2517 354 2585 Lactans
368 2519 448 2585 coeli
462 2519 639 2586 dominum:

215 2601 328 2668 Gaude
343 2609 446 2668 rnnter
459 2603 653 2683 incorrupta,

214 2683 327 2751 Gaude
342 2684 444 2752 dulcis
459 2691 493 2751 et
507 2686 650 2769 innupta,
730 2700 732 2704 ⁴

113 2795 119 2808 ·
213 2767 327 2835 Gaude
343 2769 429 2836 salus
442 2769 615 2836 huminum.

228 2873 323 2933 Text.
358 2875 642 2934 dissertantis.
662 2879 740 2932 tuso.

838 1111 868 1172 4.
893 1103 1005 1172 Gaude
1019 1121 1094 1172 rosa
1107 1105 1250 1187 speciosa
1341 1169 1343 1174 1

893 1187 964 1254 Non
980 1189 1103 1267 attritu,
1117 1205 1181 1254 non
1195 1205 1326 1259 currere

863 1299 865 1306 1
891 1267 973 1336 Gelu
987 1287 1090 1353 neque
1102 1271 1220 1356 glacie:
1356 1313 1357 1316 =

891 1349 1017 1433 Exque
1031 1352 1079 1420 sol
1093 1353 1236 1420 iustitiae

890 1436 981 1501 Dono
996 1435 1170 1519 sapientiae

890 1517 1049 1585 Processit
1061 1519 1201 1586 mirifice
1333 1551 1335 1558 .

835 1603 865 1666 ι.
890 1599 958 1667 Rex
971 1601 1143 1669 immensae
1157 1602 1288 1684 pictatis

889 1685 936 1750 dc
949 1685 1048 1750 totius
1063 1684 1214 1751 boniatis

889 1764 974 1834 Audi
988 1785 1097 1835 seruos
1115 1766 1268 1834 dulciter:

890 1849 1028 1916 Matrem
1042 1855 1130 1916 tuum
1144 1851 1368 1922 collaudantes

890 1937 936 2001 Ac
950 1942 1074 2001 reatuni
1089 1935 1293 2019 deplorantes

888 2017 1085 2085 Dclietorum
1100 2021 1227 2102 iugiter.

833 2099 863 2165 6.
888 2100 957 2169 Tua
972 2109 1082 2170 saneta
1096 2123 1153 2170 nus
1167 2102 1315 2174 decim

887 2179 986 2266 Virgo
1000 2194 1104 2254 mater
1118 2193 1151 2252 ct
1163 2189 1274 2268 regina

886 2269 1007 2356 Tradat
1021 2272 1062 2336 nd
1077 2272 1245 2339 caelestia:

885 2351 929 2418 Ει
942 2351 1111 2420 mundatos
1125 2372 1145 2419 a
1159 2355 1285 2420 sentina

885 2435 1043 2502 Vitiorum
1057 2439 1097 2503 ud
1114 2438 1221 2503 diuina

883 2519 989 2587 Ducat
1005 2522 1083 2586 coeli
1097 2522 1234 2602 gaudia:

884 2601 953 2679 Quo
969 2611 1000 2668 ιε
1016 2621 1141 2686 semper
1154 2605 1338 2686 adoremus,

884 2684 1118 2766 Collaudemus,
1133 2686 1347 2757 decantemus

883 2769 921 2836 In
935 2770 1065 2837 coelesti
1079 2770 1189 2853 gloria.
1213 2771 1330 2839 lunen.

709 3053 906 3067 m

519 3207 591 3269 308.
633 3201 686 3269 De
706 3201 797 3271 bedu
818 3200 934 3270 Maria
953 3202 1084 3286 cirpiue.

67 3329 71 3340 '
158 3339 186 3402 1.
211 3339 295 3422 Iesu,
310 3337 356 3405 fili
370 3336 485 3404 summi
498 3337 608 3419 patris,

210 3424 295 3505 Iesu,
309 3423 356 3489 fili
369 3425 498 3488 sanctae
513 3421 626 3487 matris

208 3507 253 3573 Et
266 3507 406 3574 intactae
420 3504 570 3586 virginis:

210 3588 272 3668 Qui
285 3591 326 3657 dc
340 3589 428 3657 coelo
443 3586 633 3654 descendisti

208 3675 252 3742 Et
265 3671 460 3742 descendens
475 3670 605 3738 induisti

207 3758 285 3827 Veri
299 3757 433 3826 formam
447 3756 599 3837 hominis;

152 3838 182 3902 ²·
207 3841 377 3910 Genitricis
391 3841 445 3922 pin
458 3856 552 3924 prece

206 3924 307 3994 Ncsa
326 3925 405 4003 luto,
420 3939 477 3987 nus
491 3940 512 3987 a
525 3921 614 3988 faece

205 4007 409 4076 Peccatururn
425 4005 534 4071 ablue:

206 4091 249 4156 Et
262 4090 398 4158 concede
411 4089 509 4155 uitam
523 4103 647 4170 puram,

76 4171 77 4176 ’
205 4173 248 4237 Ει
261 4174 302 4238 dc
317 4189 426 4255 pacem
440 4187 680 4252 permansuram

205 4256 249 4321 Et
262 4255 399 4321 sulutem
413 4255 527 4321 tribue.

149 4331 179 4395 ³·
204 4337 383 4419 Nebistuis'
395 4336 523 4403 famulis

203 4419 269 4486 Nec
284 4437 347 4486 nen
361 4419 543 4503 apericulis

203 4501 348 4569 Liberari
361 4520 481 4568 unnue:

766 3345 768 3352 ’
880 3337 1027 3405 Gloriosa
1040 3336 1100 3403 Dei
1115 3343 1226 3418 mater.

879 3420 975 3488 cuius
991 3426 1086 3487 natus
1101 3426 1152 3488 est
1165 3428 1199 3490 ει
1211 3427 1320 3509 pater,

879 3505 984 3571 Patris
998 3505 1188 3587 unigenitus,

822 3592 852 3654 l.
878 3587 975 3656 Cuius
988 3588 1095 3654 aluum
1109 3591 1330 3674 praeoptavit,

877 3670 1132 3754 Praemundavit,
1147 3678 1360 3758 praeaptavit

877 3755 1052 3837 Utriusque
1067 3756 1215 3840 spiritus3
1399 3777 1402 3782 ·

875 3840 1004 3905 Nostris
1017 3858 1073 3906 ura
1087 3859 1145 3923 pro
1159 3843 1305 3922 peccatis

874 3920 967 4005 Apud
982 3920 1101 3994 ronan
1115 3923 1244 4005 pietatis

813 4049 815 4054 -
874 4006 918 4071 Et
931 4005 1175 4073 misericordiae.

819 4089 849 4153 5.
873 4088 917 4153 Et
931 4087 973 4152 da
986 4107 1059 4154 vere
1072 4089 1235 4172 poenitere

873 4171 917 4236 Ει
930 4171 1046 4237 delicta
1060 4175 1170 4238 nostra
1184 4171 1272 4253 llere,

871 4252 956 4319 Dum
970 4261 1094 4337 tempus
1108 4259 1159 4321 est
1172 4255 1310 4326 reniae:

871 4335 1000 4402 Etcum
1015 4344 1070 4404 tuo
1084 4335 1149 4402 filiu
1268 4375 1270 4378 ·

871 4417 985 4501 Simus,
1000 4422 1078 4487 etin
1093 4421 1174 4486 solio

871 4501 1024 4572 Perennis
1037 4503 1187 4572 laetitiae.
