2860 4980
606 183 813 275 ...47-

59 393 88 456 2.
112 384 327 470 Nominatum,
341 385 532 468 invooutnm,
725 392 755 456 3.
779 383 997 468 Hoetuuierit,
1016 392 1139 456 menter
1153 387 1249 472 gerit,

112 469 554 555 Honoratumpruedioutum
779 471 1173 554 Plenumeetprueuidiir:

110 636 680 722 ....
776 551 1253 707 inereretur

112 720 343 804 condonatum,
420 729 569 805 nugatum
779 708 850 789 iioo
863 739 977 789 nomen
990 723 1023 790 in
1037 723 1173 806 geudiin

110 804 230 873 Reddit
242 807 384 874 muloenn
411 807 523 875 eniter.
917 815 918 818 ’

125 909 220 971 roeo.
255 913 335 973 nne
352 913 494 988 norror.
515 915 603 987 reor„
620 916 652 972 e·
669 913 720 972 aar
736 911 851 972 mooe
868 913 1030 972 morerer
1047 931 1085 973 aa
1101 913 1241 973 nomm.

501 1189 552 1254 td.
593 1183 648 1253 De
666 1185 791 1254 nomine
811 1182 896 1252 Im.

57 1324 83 1389 1.
107 1315 220 1386 hudo
234 1315 312 1386 Sion
327 1317 497 1386 euirutortu
723 1323 752 1388 6.
777 1318 881 1387 Huius
894 1315 1031 1386 nominis
1045 1315 1164 1384 virtuto

107 1401 492 1469 Iesnnomenotomorie
778 1397 1280 1484 Superbommsnntdeutruotuu
1420 1429 1424 1472 ε

108 1482 190 1551 uoto
204 1483 309 1550 cordis
321 1483 438 1554 iubilo:
776 1485 974 1552 Dromonem
989 1482 1166 1584 potentine:

106 1566 231 1635 Nomen
244 1574 580 1638 eundumnoeemnre
776 1567 974 1636 simulachro
987 1568 1145 1636 rdoiorum

107 1650 209 1718 Decet
221 1667 347 1734 semper
361 1658 395 1719 et
406 1652 538 1720 ioudure
775 1651 994 1730 Srrnteveree,
1010 1663 1219 1734 supernorum

105 1733 498 1818 Absquemeutienubiio.
774 1734 1101 1802 ffieomedoIentiee.

720 1827 749 1889 6.
775 1819 849 1886 iesu
864 1837 976 1886 nomen
989 1817 1160 1899 figuratum

52 1905 82 1970 2.
105 1900 181 1969 Iesu
194 1918 310 1968 nomen
323 1902 493 1983 potestatis
774 1902 987 1969 Vehementer
1003 1903 1218 1983 exspectatum

103 1985 373 2065 Atqueeeterrrne
386 1985 577 2070 nreiestotie,¹
773 1984 905 2051 Petrum
919 1984 1092 2051 desiderio:

104 2066 226 2133 Summi
240 2066 542 2136 Potriebroohinm:
772 2068 960 2136 Rereietum
974 2067 1065 2134 nobis
1079 2064 1207 2148 quidem

105 2149 219 2217 Coelos
231 2149 316 2232 iecit,
332 2155 438 2219 terroe
451 2151 568 2219 molem
771 2151 870 2218 Dedit
883 2169 980 2236 spem,
995 2167 1145 2224 amorem,
1163 2144 1259 2214 fidem

102 2233 533 2318 Ieennomenetquesolem
771 2236 910 2303 idoximo
924 2233 1086 2318 mysterio.

1 2383 4 2388 .
102 2316 147 2384 Et
159 2317 297 2385 eoeleste
312 2319 473 2400 goudium.
559 2367 562 2372 -
717 2322 746 2388 7.
771 2318 894 2385 Nomen
909 2335 985 2400 ergo
1000 2317 1060 2383 hoe
1073 2311 1243 2381 emendum

770 2402 851 2468 Toto
866 2402 962 2467 corde
977 2407 1011 2466 et
1024 2398 1222 2466 odorandum

48 2484 78 2548 6.
102 2481 298 2564 Angelorum
311 2481 424 2564 ingene
438 2487 548 2551 ooetue
770 2485 863 2551 Omni
877 2483 1071 2550 reverentie:

101 2565 200 2631 Proto
222 2565 384 2647 iustosque
398 2565 558 2650 perfectus
769 2567 1093 2634 Inedrereisnomen
1110 2567 1254 2628 sunctum

102 2584 423 2713 Fuitilesunomine:
769 2649 948 2728 invocetur,
962 2649 1037 2714 Iesu
1051 2652 1177 2711 tentum

102 2727 150 2794 Ut
161 2746 317 2811 equorum
331 2730 439 2812 magni
452 2729 558 2799 tontes
769 2732 882 2798 Aderit
896 2731 1086 2814 praesentia.

101 2811 184 2880 Sunt
197 2811 330 2879 immissi
344 2830 443 2894 super
455 2819 580 2882 montes
713 2822 743 2885 6.
768 2812 953 2880 Praesentia
967 2811 1104 2879 Deitatis

101 2895 191 2963 Iusto
206 2913 312 2962 rerum
326 2897 446 2962 ordine.
771 2896 814 2965 Et
828 2899 927 2963 totius
946 2894 1097 2962 bonitatis

769 2979 879 3046 Dulcis
893 2979 983 3046 Iesus
998 2975 1118 3043 ederit:

46 3063 75 3128 t
98 3059 137 3128 In
151 3061 300 3144 Aegypto
316 3059 394 3127 iecit
407 3061 500 3159 signo
767 3060 871 3144 Fugut
884 3062 1014 3128 morbos
1027 3065 1062 3125 et
1079 3057 1196 3123 livores

98 3145 173 3211 Iesu
187 3162 311 3224 nomen,
327 3146 360 3209 et
372 3145 514 3227 moigne
769 3143 833 3211 Sed
848 3150 881 3212 et
895 3145 992 3211 amini
1006 3143 1187 3224 languores,

98 3227 245 3294 Perdidit
280 3226 418 3308 rodigio:
768 3228 860 3296 Iesus
875 3228 931 3294 ubi
944 3226 1076 3294 venerit.

98 3248 528 3394 sdssopefegotransrexit
712 3316 743 3381 2.
768 3311 848 3377 Veni
862 3311 935 3376 iesu
949 3327 1064 3376 nomen
1078 3305 1181 3385 duioe,

96 3394 246 3461 Israelem
261 3399 295 3460 et
309 3393 461 3461 demersit
767 3395 812 3460 Et
825 3401 857 3460 te
871 3393 959 3460 cordi
973 3399 1083 3459 nostro
1097 3406 1179 3473 pone
1238 3469 1246 3486 .

97 3477 248 3544 Hostium
261 3476 408 3558 insignio„
765 3477 881 3544 Nobile
893 3475 1101 3559 signaculum.
1129 3468 1279 3538 illelom
1424 3557 1427 3562 ἱ

112 3599 137 3640 u.
156 3582 248 3640 Text.
284 3583 339 3640 Pro
359 3583 429 3640 rium
454 3584 588 3644 Oudon„
613 3583 708 3642 umor.
728 3587 806 3644 1646.
829 3602 857 3656 p.
875 3587 937 3643 216.
972 3583 1092 3639 Duroou
1116 3581 1167 3639 tot
1184 3575 1224 3635 Η.
1241 3573 1340 3634 Merui

42 3651 97 3710 nor
114 3654 160 3711 dte
176 3653 302 3726 Senum
354 3655 540 3727 oenotru'eteu.
1100 3707 1102 3712 .

110 3742 137 3799 b.
154 3741 337 3800 Lorurterr.
372 3745 398 3816 d,
416 3746 442 3801 2.
460 3742 505 3801 Er
521 3745 561 3800 tot
576 3743 632 3802 root
648 3743 759 3802 dtrutuu
775 3761 813 3802 ro
829 3744 911 3800 lmen.

397 3985 448 4050 ue.
490 3943 534 4049 '122
557 3982 677 4054 maor
697 3982 985 4068 oreoflqoratum.

63 4116 91 4180 1.
106 4114 211 4182 Adest
223 4113 293 4182 dieu
306 4115 451 4197 celebris,
725 4121 755 4184 3.
773 4112 1086 4183 Mentesnteliioiet

107 4194 177 4273 Quo
191 4203 322 4282 penetus
339 4198 463 4266 miserie
772 4198 918 4267 Infirmus
932 4203 965 4264 et
977 4193 1132 4280 provehet

106 4279 453 4349 Deuedemonstrntur.
770 4281 809 4347 In
823 4298 994 4364 supernum
1009 4282 1138 4344 statum.

60 4362 89 4427 2.
107 4361 186 4430 Eius
199 4365 397 4447 unigenitum
722 4369 753 4440 4,
772 4363 837 4432 Ubi
851 4382 934 4431 nexu
948 4361 1041 4428 liberi

106 4445 232 4515 Profert
244 4447 528 4532 neminmedium,
770 4442 1106 4530 Mortis,iectiiucidi‚

106 4527 474 4601 Lunetrensiormetum.
769 4529 1078 4615 SunotigIorientur.
