2894 4970
670 249 900 328 alib-—

147 451 175 514 3.
202 431 285 510 Nate
299 443 428 520 ebusus
443 443 527 510 uude
541 460 627 524 ovas,
760 406 763 412 ¹
868 443 967 512 Sacra
979 445 1069 527 virgo
1083 445 1168 528 parti
1181 451 1254 512 rata

201 525 310 593 Novus
323 527 699 609 remensprolesnosas,
867 525 1139 610 Magnificatveee
1153 535 1256 613 grata

200 608 589 688 Quisnscredoeoitm
868 609 1026 679 Decantat
1040 611 1209 680 humiliter.

200 693 610 776 Novonososgratolotor,
811 693 1195 776 adlaborandum,

199 777 303 845 Matar
315 775 673 859 matrernunrplexatur,
868 777 1217 863 Moredivainsiguita,

198 860 314 927 Totum
329 860 414 927 Deus
429 859 535 928 uoluit.
867 861 941 943 Nos,
957 880 1132 944 precamur,
1147 863 1287 948 respice:
1337 869 1342 878 '

111 950 173 1012 -4,
200 944 279 1026 Eya,
293 945 394 1011 ambit
407 945 463 1011 illa
476 945 563 1009 iliam
866 945 1344 1028 Rosiooudat,labemundat,

199 1027 333 1094 Matrem
349 1027 407 1112 Dei
422 1038 455 1092 et
469 1028 626 1104 ancillam,
865 1027 920 1096 Sol
935 1031 1052 1095 virtute
1066 1035 1099 1095 te
1114 1029 1295 1112 foecundat,

198 1111 286 1177 Haec
299 1129 369 1175 eram
384 1110 546 1176 similiter:
865 1111 1003 1178 Decoral
1020 1112 1193 1195 magnifica.

214 1234 239 1274 a.
259 1217 353 1302 reae.
390 1217 591 1286 wssnamsgo
610 1215 632 1283 1,
651 1218 713 1272 ers.
731 1213 784 1272 aaa
802 1217 863 1272 aas·
881 1216 959 1303 moos.
978 1219 1105 1288 nospsos.
1127 1223 1193 1277 nse
1213 1223 1268 1292 (ιιι.
1296 1251 1336 1265 -
1361 1221 1435 1278 roxa

141 1288 386 1442 ffifflmiffi
404 1287 594 1412 Romarm
612 1287 772 1442 25:23
790 1290 1020 1426 zfflaenorerldeye'
1035 1293 1165 1429 {fossato
1166 1291 1372 1431 oguss'risgtru
1374 1293 1436 1416 132

141 1447 195 1486 sen
213 1429 365 1484 dbnlarlrern
380 1427 522 1483 Versmess
540 1445 570 1482 su
590 1431 626 1481 10
643 1429 821 1500 dressealspen
828 1428 967 1498 Stroplaen
986 1431 1058 1485 stadt
1074 1449 1106 1487 an
1124 1433 1183 1486 dem
1200 1431 1340 1488 Mosam
1354 1432 1435 1488 um

108 1561 111 1570 ,
141 1501 212 1556 boel
229 1516 282 1554 noar
301 1503 372 1553 1482
389 1500 448 1554 und
466 1500 574 1554 dorsus
591 1499 622 1553 iu
640 1499 690 1553 der
707 1499 974 1569 bundscbnytiiclaen
992 1500 1278 1573 Hymnensammlasnp
1311 1519 1370 1558 uun
1388 1503 1435 1558 iia·

140 1586 219 1628 mma
237 1587 274 1626 su
296 1567 483 1641 errrburpf‘
518 1570 610 1636 nono,
629 1569 679 1622 der
696 1569 772 1624 daun
791 1572 863 1625 eaelo
881 1571 926 1626 dle
943 1577 1033 1625 ersten
1053 1576 1070 1625 3
1089 1572 1183 1627 Zeilen
1200 1574 1350 1630 nittbes'il.

211 1658 236 1713 b.
255 1657 441 1712 Lesarten.
480 1662 503 1724 l,
519 1661 547 1710 1.
566 1657 607 1712 'l'a
625 1657 712 1712 libata
730 1655 782 1713 BC.
801 1686 834 1699 -
855 1662 879 1723 1,
898 1662 923 1711 2.
942 1657 1019 1713 Abiit
1035 1659 1115 1715 ABG.
1133 1660 1192 1715 abit
1210 1660 1310 1717 wacta
1323 1691 1361 1705 -
1379 1665 1435 1730 2,2.

140 1730 209 1786 ulra.
226 1726 280 1785 BC.
299 1757 333 1770 -
353 1730 378 1796 2,
396 1730 422 1782 b.
441 1726 519 1782 nefas
537 1727 589 1783 Bc.
609 1755 643 1768 -
659 1729 686 1796 6,
705 1731 729 1781 1.
748 1727 823 1782 Voce
840 1728 874 1782 el.
894 1728 946 1783 Bc.
966 1757 999 1770 -·
1019 1734 1044 1796 3,
1053 1733 1079 1784 4.
1098 1729 1192 1785 Neres
1209 1731 1287 1787 uenia
1308 1731 1368 1790 Bc.
1385 1732 1434 1787 lie·

92 1799 94 1806 ’
139 1799 338 1856 nuenariani.
374 1796 453 1852 Nero
471 1811 558 1852 nesus
576 1797 674 1852 Waclc
694 1826 728 1838 -
747 1799 773 1864 4,
796 1801 817 1851 l.
835 1798 887 1853 Eia
907 1798 958 1854 Bc.
979 1828 1012 1839 -
1031 1803 1091 1868 s,1.
1111 1799 1189 1867 Quae
1206 1800 1282 1858 esd
1305 1802 1341 1857 B.
1363 1802 1434 1872 Quas

140 1869 168 1924 fl.
187 1869 217 1924 (i.
237 1898 270 1911 -
289 1872 315 1939 b,
333 1869 359 1922 2
378 1865 440 1922 diro
459 1866 513 1919 Bc.
531 1896 565 1908 -
584 1871 609 1936 ll,
627 1871 654 1922 4.
672 1867 730 1923 Nos
748 1867 784 1922 in.
803 1867 856 1924 Bc.
1174 1887 1178 1896 ·

506 2123 577 2184 209.
620 2115 673 2183 De
693 2117 783 2184 ὁσαιι
804 2118 919 2204 Maria
940 2120 1071 2201 saraiae.

162 2257 188 2317 1.
211 2250 319 2317 Sancti
334 2251 473 2333 Spiritus
488 2251 568 2316 ussit
581 2250 674 2315 nobis
688 2252 803 2331 gratia,

158 2338 188 2400 2.
211 2333 281 2412 Quo
295 2332 485 2400 foecundata
500 2333 600 2400 Deum
617 2333 741 2416 peperit
755 2334 844 2414 virgo
860 2334 970 2400 Maria.

28 2457 30 2462 .
159 2421 189 2483 3.
213 2416 274 2482 Per
287 2435 381 2500 quem
397 2423 523 2483 sacrato
537 2415 631 2483 fieret
644 2417 811 2498 virginitas
827 2418 858 2483 in
874 2417 984 2483 Maria.

157 2505 187 2564 l.
210 2499 347 2580 Spiritus
361 2501 454 2578 alme,
469 2517 532 2582 quo
546 2499 690 2580 repletur
706 2498 817 2578 Maria,

158 2587 187 2648 6.
211 2581 257 2646 Τιι
274 2598 379 2648 rorem
395 2600 518 2646 suorum
533 2581 664 2647 stillasli
678 2583 710 2647 in
725 2582 837 2647 Maria.

157 2668 186 2730 6.
208 2666 342 2730 Amatur
356 2671 474 2744 sancte,
489 2683 552 2747 quo
567 2664 687 2729 Intacta
700 2665 939 2749 impraegnatur
954 2663 1066 2733 Maria.

157 2754 186 2815 7.
208 2746 274 2814 Sub
289 2747 379 2813 cuius
395 2748 583 2813 umbramen
600 2753 748 2827 torretur,
764 2747 839 2814 dum
854 2746 978 2813 fovetur
993 2748 1103 2815 Maria

155 2835 185 2896 8.
206 2831 255 2898 Τιι
269 2831 491 2914 praeservasti,
507 2851 545 2895 ue
559 2829 662 2912 primu
675 2832 768 2913 eulpa
782 2830 945 2897 transfusa
963 2833 1007 2896 sit
1019 2832 1052 2897 in
1068 2829 1180 2897 Maria
1302 2891 1305 2900 .

155 2919 184 2981 9.
205 2914 254 2980 Tu
269 2913 379 2978 cellam
396 2915 528 2978 sacrasti
543 2915 588 2978 sie
603 2913 762 2979 benedieti
776 2914 895 2979 ventris
909 2914 941 2979 in
956 2913 1067 2979 Maria.

135 3001 183 3064 10.
207 2995 252 3062 Ut
266 3001 403 3061 tumeret
416 3003 449 3062 et
463 3002 564 3062 mater
579 2995 668 3062 fieret
683 2998 770 3077 virgo
786 2996 896 3063 Maria.

135 3085 183 3147 ll.
206 3079 259 3146 Sic
272 3085 410 3161 pareret,
425 3097 465 3144 ne
480 3078 568 3146 foetu
583 3079 731 3162 perderet
744 3077 853 3145 florem
869 3079 980 3144 Maria.

135 3167 183 3230 12.
205 3161 382 3311 Ριορλιὲθιιιι
410 3171 445 3229 tu
473 3162 653 3246 inspirasti,
682 3170 718 3228 ut
741 3162 976 3246 praecinerent,
1005 3161 1091 3244 quod
1118 3161 1218 3228 Deum
1246 3161 1430 3246 conciperet

317 3262 394 3311 arra.

137 3334 185 3399 13.
206 3330 377 3412 Apostolos
391 3328 587 3408 confortasti,
601 3334 637 3394 ut
650 3334 832 3395 astruerent
845 3328 929 3394 burne
943 3329 1055 3410 Deum,
1068 3345 1163 3411 quem
1176 3325 1278 3394 edidit
1290 3326 1410 3397 Maria

137 3419 184 3482 ιι.
207 3412 341 3490 Quando
355 3413 532 3478 machinam
548 3413 634 3478 Deos
648 3411 723 3477 feeit
736 3412 927 3478 mundanam
942 3417 992 3478 est
1005 3411 1220 3495 praetigurata
1233 3411 1264 3477 in
1280 3409 1401 3478 Maria.

136 3503 184 3564 15.
206 3495 314 3562 Tellus
328 3494 495 3575 bominem,
510 3497 599 3576 virgo
614 3497 765 3577 virginem
781 3493 863 3559 fodit
877 3498 1022 3577 primum,
1037 3496 1083 3560 sie
1097 3492 1267 3560 seeundum
1283 3491 1403 3560 Maria

120 3599 122 3604 ’
137 3584 184 3648 16.
206 3578 253 3645 Tu
268 3579 444 3644 animarum
461 3596 533 3661 spes
548 3576 734 3643 afflictarum
749 3578 851 3644 duleis
866 3577 977 3644 Maria.

137 3670 185 3731 l'l.
206 3663 255 3729 Tu
269 3662 465 3728 servulorum
480 3678 579 3727 uerus
594 3668 721 3727 tuorum
735 3661 823 3727 solve
839 3659 948 3728 Maria.

137 3753 184 3816 18.
206 3748 256 3814 To
270 3747 413 3813 collisum
429 3747 566 3828 peccetis
581 3745 731 3810 mundum
747 3743 787 3812 ad
802 3747 899 3810 vitam
913 3746 1066 3827 reparasti
1083 3743 1192 3809 Maria.

137 3838 184 3902 19.
207 3833 365 3898 idolatras
380 3833 413 3894 et
426 3831 512 3911 leges
527 3837 615 3895 atras
631 3830 789 3895 enarrasti
804 3829 915 3895 Maria.

134 3923 184 3984 20.
204 3915 290 3997 Ergo
305 3931 362 3980 nos
377 3914 514 3996 petimus
530 3913 697 3997 supplices,
711 3919 749 3978 ιιι
762 3929 822 3994 ope
836 3913 973 3993 benigna
987 3911 1133 3977 subleves
1147 3908 1258 3977 Maria

134 4007 183 4069 21.
205 4001 249 4068 Ει
263 4005 338 4065 nato
352 4015 411 4080 pro
426 3997 516 4063 uobis
530 3997 700 4080 supplices,
714 3997 768 4079 qui
783 3996 842 4062 tibi
857 3997 1020 4079 psallimus
1040 4013 1098 4060 ava
1113 3993 1224 4060 Murio.

39 4090 44 4098 “
100 4157 102 4162 ,
133 4091 184 4155 22.
204 4085 253 4151 Tu
267 4082 390 4150 felicior
402 4081 546 4148 felicibus
560 4081 671 4148 Maria.

134 4175 184 4238 23.
206 4168 254 4234 Τιι
269 4166 458 4233 sublimibus
472 4165 658 4248 angelorum
672 4163 815 4232 coetibus
828 4182 862 4230 es
877 4162 1020 4246 praelata
1033 4160 1145 4226 Maria.

60 4281 64 4290 ·
134 4257 184 4320 24.
205 4251 313 4335 Ipsum
328 4248 486 4315 bominem
500 4249 633 4315 induisti
648 4249 760 4315 Maria.
1044 4326 1051 4342 ⁶
1154 4326 1161 4342 ι

120 4341 182 4404 26.
204 4333 265 4412 Qui
280 4334 349 4399 siue
363 4333 482 4400 semine
497 4337 530 4398 et
544 4334 669 4414 rigante
683 4333 808 4399 nemine
822 4335 855 4398 te
869 4327 1069 4395 foecundant
1081 4327 1193 4394 Marta.

134 4423 184 4486 26.
206 4417 298 4484 Hune
312 4415 414 4482 Deum
430 4415 519 4482 nobis
534 4415 626 4498 placa
640 4416 750 4484 Maria.

134 4579 173 4654 w„
201 4520 343 4668 306266.
378 4522 457 4579 ldisa.
483 4520 563 4578 fratr.
591 4523 679 4580 Paria.
708 4525 778 4578 1626
801 4523 855 4600 (Δ).
891 4549 924 4563 -
959 4518 1061 4575 Daniel
1078 4515 1115 4596 11,
1137 4491 1195 4578 res.
1220 4535 1274 4576 aaa
1292 4520 1424 4584 manna

174 4635 182 4674 ,
256 4633 262 4648 .
329 4632 336 4649 .
