2830 4996
537 277 836 382 ..⁸⁸3*

537 460 589 527 80.
631 457 686 527 Dc
710 460 925 544 emptum.

456 593 573 668 (800000
589 594 698 653 Notior
715 593 850 653 80100100
866 589 1012 669 00100000.)Ι

86 722 115 785 1.
136 711 430 783 litslcutllliocum
444 715 563 785 candor
804 717 922 785 Hostis
939 717 999 786 tibi
1012 718 1176 801 reddetur,

136 797 176 866 10
192 795 295 882 glotis
307 798 491 898 splendebit
805 801 866 881 Qui
882 819 945 868 000
958 802 1062 870 solum
1077 803 1211 888 suscipis
1224 808 1353 885 custos,

135 881 515 965 coramchnncooeeu
803 886 915 954 Sedet
929 904 1022 954 00000
1035 888 1210 972 prolapsos,

46 1009 50 1022 ·
84 973 115 1036 0.
136 967 180 1035 Et
201 983 423 1044 corrosorum
447 966 629 1051 pulcritudo
653 989 708 1038 ru-
803 971 941 1038 Fructus
955 971 1070 1054 dignos
1086 970 1239 1040 facientes
1254 1021 1264 1039 .
1281 1021 1322 1041 ..

146 1083 147 1086 ¹
176 1051 251 1118 nlut
752 1055 783 1119 4.
805 1055 977 1122 10οῐ0000
990 1056 1127 1137 gaudiis,

134 1135 173 1204 In
187 1152 303 1218 magno
318 1133 434 1202 decoro
520 1193 522 1199 ,
774 1201 776 1204 ,
804 1137 893 1217 Quos
907 1138 1042 1206 redemit
1055 1141 1187 1209 uerbum
1200 1137 1313 1224 putris

135 1219 180 1288 Et
193 1219 278 1286 sicut
291 1218 387 1318 orbor
401 1185 531 1318 odoieno
803 1226 956 1293 Areulus
977 1225 1093 1306 luqueo
1113 1223 1206 1306 primi
1221 1220 1387 1307 parentis,

136 1302 406 1454 Quffieulrocrtctur
424 1320 553 1379 nominc
574 1303 704 1374 0000000
803 1307 862 1455 Dii
883 1307 971 1373 iussu
993 1307 1173 1391 spernentis
1193 1313 1302 1374 ortem
1323 1324 1389 1389 per

263 1435 271 1452 .
864 1390 953 1456 ostis.
1016 1398 1017 1401 ’

83 1473 114 1537 0.
136 1471 253 1538 Omnes
267 1474 394 1553 gentes,
421 1486 502 1552 ques
517 1471 635 1537 nessii
649 1470 706 1537 do·
751 1475 781 1538 t.
802 1472 874 1538 Heu
882 1473 1009 1554 quueudo
1020 1473 1211 1556 paradysum
1223 1471 1386 1538 deserens

176 1552 269 1632 utine,
802 1555 884 1620 Exul
899 1555 1032 1620 venitin
1047 1555 1191 1621 exitiales

60 1705 61 1708 ,
134 1633 255 1702 Laudis
276 1634 336 1702 tibi
356 1631 462 1702 ierunt
475 1640 552 1702 vote
565 1634 705 1715 sedulae,
804 1637 915 1701 Mundi
930 1638 1022 1703 istius
1036 1637 1175 1702 labores!

135 1718 180 1784 Et
193 1716 566 1799 medullutspersolvunt
751 1723 780 1785 8.
803 1718 979 1785 Postluumo
1012 1719 1085 1785 hinc
1123 1719 1229 1801 proles
1270 1717 1384 1784 omnis

135 1799 705 1882 Oenudsscnctoomuucruincen-
842 1806 961 1879 rueret,

176 1900 246 1948 sum
802 1883 870 1949 Nisi
886 1882 1123 1950 hencincorne

135 1964 279 2031 drictum
294 1981 366 2030 curn
380 1964 484 2032 bubus
499 1971 533 2031 et
546 1963 654 2044 hircis,
801 1965 947 2031 chuistus
961 1971 1055 2031 nutus
1068 1965 1190 2032 levaret

135 2047 261 2116 Scilicet
284 2047 415 2130 ductor,
440 2047 551 2116 doctor
574 2051 608 2114 et
630 2064 704 2130 pre·
801 2048 844 2114 Et
857 2051 961 2130 primo
975 2065 1091 2115 corone
1106 2047 1239 2114 vestiret

175 2137 274 2212 ector,
801 2131 844 2196 Et
858 2150 970 2198 rursus
983 2132 1017 2196 in
1031 2130 1118 2198 coelo
1133 2132 1319 2198 collocaret.
1395 2177 1399 2184 -

152 2252 176 2292 0
196 2236 290 2295 Text.
324 2239 415 2296 Murci
429 2238 485 2297 No.
499 2242 543 2295 49.
560 2239 587 2295 S.
602 2241 646 2294 30.
662 2254 730 2293 our:
745 2235 799 2294 Hs.
812 2255 850 2294 ru
865 2238 1243 2295 00000000010000000.
1261 2241 1328 2294 580.
1345 2268 1383 2282 -

80 2307 171 2365 Mosei
188 2306 244 2364 No.
263 2312 323 2364 107.
341 2309 371 2365 S.
389 2314 432 2366 cl.
450 2311 501 2366 lot
519 2325 572 2365 aue
590 2308 663 2376 „Hs
681 2324 719 2363 00
735 2309 776 2365 St.
796 2308 896 2364 Golden
914 2313 967 2363 tio·
984 2309 1130 2378 (Bronder)
1148 2308 1195 2363 Bi.
1214 2312 1280 2377 318,
1304 2310 1384 2365 ohne

83 2377 129 2433 dis
146 2376 291 2434 Mclodiu‘
308 2377 428 2436 diesis.
446 2383 518 2434 4-0
537 2379 580 2434 nlo
598 2380 659 2434 eine
676 2379 824 2434 0000000000
841 2381 973 2449 Senum,
991 2381 1043 2434 mit
1061 2380 1121 2434 dem
1132 2378 1253 2434 Beioulr
1273 2381 1310 2434 ire
1330 2381 1385 2435 der

81 2446 258 2504 1100000100
277 2449 445 2518 ,00000000
454 2450 485 2505 Β.
495 2449 614 2505 Notlreri
624 2447 732 2504 balbuli
748 2449 837 2503 tituli:
856 2450 888 2504 ln
902 2449 1075 2519 longitudino
1092 2449 1198 2505 dierum
1215 2449 1383 2516 0000000.η

153 2515 385 2575 oberosten.
420 2522 447 2590 2,
466 2523 490 2576 8.
510 2518 677 2575 rdorourli
713 2515 860 2588 (Druclrf.)
955 2604 958 2611 Ι

482 2803 534 2867 88.
575 2798 743 2887 Secundis
765 2799 802 2866 iu
816 2757 975 2881 poscitote.

302 2933 390 3000 Deus
404 2931 531 2999 locutus
544 2936 596 2998 est
609 2932 642 2997 in
657 2935 768 2998 cuncto
782 2948 854 2996 suo:

301 3013 468 3098 Expulicvi
481 3031 533 3080 mo
546 3015 757 3094 tunicomes3

301 3096 462 3243 {uomodo
475 3094 663 3162 indueres?

331 3178 533 3246 cultissimus
548 3176 637 3244 dedit
650 3193 759 3242 vocem
777 3193 885 3242 suom:

226 3303 234 3322 .
301 3259 429 3342 Exurge
444 3261 547 3341 glorio
560 3277 641 3335 mee,
995 3342 996 3345 Ἴ

301 3343 428 3424 postule
441 3359 462 3408 s
475 3360 526 3408 me
541 3348 574 3407 ct
589 3341 674 3407 dubo
687 3339 748 3407 tibi
761 3338 875 3423 regnet

303 3425 432 3509 Exurge
446 3424 549 3508 glorie
562 3421 650 3490 mccl

301 3511 447 3590 Intende,
461 3526 612 3606 prospere
626 3505 763 3658 linwede
777 3511 812 3573 et
824 3523 933 3588 regne.

300 3593 676 3775 ῧὶῗὲξῗὶξιῖῗέἐὲἕὲρνὶ
690 3673 767 3757 quio
779 3673 907 3742 voluisti
921 3691 982 3758 me,

300 3767 335 3829 et
348 3779 420 3828 occe
435 3779 587 3842 exurgam
602 3758 751 3840 diluculo,

298 3852 464 3930 susceptor
477 3863 576 3926 meus,
591 3863 654 3910 non
669 3842 821 3910 movebor
834 3841 980 3926 emplius,

303 3931 429 4012 suscipe
443 3947 494 3994 me
507 3930 541 3996 iu
555 3928 658 4010 glorio
672 3931 739 3993 tue.

301 4014 405 4095 Peter,
420 4012 568 4080 00010000
583 4018 626 4092 te,
641 4010 790 4093 quomam
804 4009 968 4094 suscepisti
983 4026 1043 4090 mc,

299 4103 333 4164 et
346 4115 418 4164 ecce
432 4096 545 4163 ustobo
560 4095 618 4164 tibi
631 4111 734 4174 mune,

300 4187 336 4247 tu
351 4187 458 4248 anunm
472 4179 606 4246 Domino
621 4180 789 4261 susceptor
801 4193 891 4243 meus
940 4212 944 4220 ·

301 4269 334 4331 et
347 4264 451 4330 odhuc
465 4269 570 4330 tecum
585 4281 654 4330 sum
668 4261 700 4327 in
716 4259 820 4342 glorio.
833 4266 898 4326 tue.

225 4399 233 4417 .
301 4349 372 4430 Fili,
388 4353 424 4413 tu
439 4364 565 4431 semper
579 4363 702 4412 mecum
717 4344 817 4425 inisti,
938 4367 940 4371 ’

239 4507 244 4515 ,
302 4437 336 4498 et
350 4431 541 4497 omniumee
556 4437 613 4498 tuo
627 4435 709 4498 sunt

301 4515 452 4582 Exultere
467 4533 563 4597 super
580 4513 683 4581 coelos
697 4514 785 4580 Dens

306 4603 340 4666 et
355 4616 450 4683 super
465 4616 588 4667 omnem
604 4604 724 4666 terrum
737 4594 839 4680 glorie
853 4601 917 4664 tuo.
958 4678 962 4686 ¹

1123 4694 1172 4761 6*
