2894 4970
685 227 927 316 ..gog-³

154 443 183 510 7.
207 433 302 504 Salvo
314 434 404 519 virgo
418 434 569 516 drtuosa

208 521 269 588 Dei
283 527 387 587 mater
400 518 549 602 gloriosa

207 603 307 672 Plena
320 609 431 669 sanato
444 601 587 668 flamine:

207 686 253 754 Te
265 685 443 766 nudamus,
457 691 495 752 nt
508 683 663 765 eondigne

208 770 274 837 Nos
288 769 443 836 ascendat
455 769 542 835 Dens
555 767 629 850 igne

25 884 27 888 ·
70 923 72 926 ,
207 853 359 920 caritatis
373 851 526 934 geminae.

152 982 182 1048 3.
207 976 292 1044 Mira
306 975 353 1042 rel
366 975 500 1053 novitas,

206 1058 307 1158 Virgo
320 1056 568 1156 impraegnatur,

207 1137 506 1290 testeam

150 1351 180 1415 4.
206 1345 363 1411 Onosum
378 1342 578 1420 connubium,
670 1397 672 1406 .

204 1427 273 1493 Soli
286 1428 378 1494 nubit
391 1425 493 1504 stella·

204 1510 328 1576 Novum
343 1509 553 1591 puerperium,

204 1592 348 1659 Parturit
362 1591 477 1675 puella.

151 1720 180 1784 t.
204 1716 330 1812 Moyses
345 1732 409 1862 ‘lua
422 1715 521 1781 iacuit

206 1797 337 1881 Serrpea
373 1796 478 1876 ecelin,

174 1880 303 1954 ¹Haeo,
317 1898 380 1961 qua
395 1879 481 1944 Deus
495 1877 598 1956 latuit
713 1903 716 1910 v

65 1991 67 1996 ·
206 1963 306 2046 Virgo
320 1967 371 2030 est
384 1963 509 2028 tenella

150 2091 180 2156 6.
204 2088 298 2155 daris
313 2092 346 2153 et
360 2103 449 2152 mens
464 2083 574 2168 pervia
590 2166 592 2170 ι

85 2190 88 2197 ’
205 2171 274 2238 Deo
287 2170 545 2251 suntingressas,

204 2255 276 2321 Non
291 2258 404 2338 patent
417 2253 562 2334 vestigia,

204 2337 326 2415 Quibus
339 2343 390 2405 est
403 2354 562 2420 egressus.

843 433 872 496 7.
890 428 981 512 Slant
994 425 1110 492 vitrum
1124 413 1216 488 radio
1232 459 1234 463 ψ

891 510 975 579 Solis
988 506 1180 593 penetratur.

892 593 969 660 Inda
983 599 1090 658 tamen
1104 585 1203 653 laesio

891 675 988 742 Nulla
1000 673 1083 738 vitro
1097 671 1209 736 datur:
1241 720 1245 728 .

841 761 873 825 8.
890 760 952 835 Sia,
967 759 1063 824 immo
1076 750 1234 826 subtilius,

889 842 992 908 Matre
1006 857 1068 906 non
1087 837 1247 915 corrupta.

892 926 979 991 Dens
993 922 1052 989 Doi
1066 920 1149 987 lilius

891 1006 956 1074 Sui
970 1005 1077 1087 prodit
1093 999 1201 1100 nupti.

842 1089 871 1151 9.
891 1088 1003 1154 Prodit
1017 1085 1167 1166 cogitatio

890 1169 1007 1236 Clausi
1020 1166 1125 1232 cordis
1139 1159 1229 1236 vent
1247 1241 1254 1256 .
1273 1238 1281 1254 .

889 1253 1073 1332 Praegnans
1088 1247 1209 1326 absque
1226 1243 1306 1307 mtto

890 1335 979 1401 Parit
992 1334 1060 1399 sino
1074 1346 1185 1412 poena.

822 1418 870 1484 10.
889 1420 958 1485 Non
973 1417 1056 1500 perit
1069 1414 1122 1479 lux
1136 1407 1247 1486 oculis,

890 1501 969 1566 (lum
984 1501 1038 1564 lux
1054 1499 1217 1575 evagatur,

887 1585 954 1649 Nee
968 1585 1000 1648 in
1015 1588 1086 1645 ortu
1102 1574 1240 1642 flosculis

888 1667 991 1732 Mater
1009 1661 1193 1728 defloratur.

822 1745 871 1810 11.
892 1748 1039 1812 Cardena
1053 1744 1125 1825 plus
1140 1756 1235 1824 quam
1250 1733 1365 1810 liliam,

890 1832 1032 1895 Vernans
1046 1827 1119 1907 plus
1133 1839 1227 1904 quam
1242 1832 1327 1894 rosa
1357 1876 1360 1880 ,

887 1914 989 1977 Tuum
1004 1927 1083 1989 roga
1096 1906 1205 1983 filium,

887 1995 985 2076 Virgo
1000 1991 1152 2073 speciosa

821 2075 868 2146 12.
887 2081 935 2146 Ne
950 2079 1169 2161 postmortem
1188 2066 1302 2153 puniat

886 2163 951 2228 Nos
964 2159 1078 2226 inferni
1093 2173 1202 2240 poena

887 2246 948 2312 Sed
965 2250 1068 2310 tecum
1083 2239 1204 2306 reficiat

888 2329 1079 2410 Angelorum
1093 2341 1200 2391 coena.

220 2462 245 2502 a
264 2443 358 2502 rear.
394 2445 478 2501 Mons
497 2444 549 2500 No.
567 2445 621 2500 870
637 2443 674 2512 (7,
691 2439 746 2510 68.)
763 2457 831 2495 aas:
866 2437 919 2493 lla.
937 2454 975 2492 su
992 2434 1140 2498 Mriaclsea,
1164 2444 1218 2485 oon
1235 2417 1429 2483 ammuh.

135 2516 202 2576 iio.
221 2521 264 2573 37.
282 2519 325 2572 13.
345 2515 445 2572 saara.
464 2545 499 2558 -
517 2513 616 2571 Daniel
633 2512 668 2581 V,
686 2515 747 2581 757.
765 2511 816 2568 tos
833 2510 887 2566 dea
905 2507 974 2562 Text
993 2523 1045 2561 aas
1064 2505 1155 2560 Mona.

219 2605 246 2661 b.
265 2604 414 2660 Bamerla.
450 2607 475 2659 7.
493 2603 597 2659 raritas
615 2615 685 2670 gam.
703 2599 769 2668 „die
777 2595 968 2654 Meteonem
988 2595 1045 2650 arrd
1062 2588 1273 2651 derisoriam,
1290 2576 1430 2636 iurandm

150 2674 299 2732 la'edemi
339 2676 363 2732 is
380 2673 671 2744 geminasgeminas*
706 2671 798 2727 Mona.
822 2699 856 2712 -
886 2671 912 2722 o.
930 2680 1020 2734 poona
1038 2663 1141 2731 „irrisae
1159 2660 1221 2714 tier
1237 2654 1321 2720 eiciet,
1332 2646 1430 2717 Strato,

101 2751 102 2754 ’
151 2749 273 2804 eoadem
316 2747 371 2816 eia,
389 2745 528 2817 Setaea,
547 2746 620 2800 dean
638 2733 1149 2811 ateriedtsicltousiiorr.3,13.“
1184 2729 1277 2810 idone.

698 2945 890 2960 m

574 3102 645 3164 26⁷.
687 3095 740 3164 De
758 3100 867 3164 soatio
887 3093 1011 3160 Mario.

16 3265 21 3272 ·
151 3223 179 3300 1!
205 3231 302 3298 Matri
316 3231 540 3298 consolationis

203 3314 277 3380 Filii
291 3314 477 3382 salvationis

204 3397 323 3463 Fidelis
337 3398 516 3480 adoptionis

96 3521 99 3528 ·
203 3481 321 3547 Grates
335 3481 470 3548 reddant
483 3497 554 3547 oram
567 3478 731 3560 precibus:

202 3564 327 3645 Lingua
341 3565 438 3630 menti
454 3580 569 3645 gorens
581 3579 699 3627 morem

203 3645 315 3712 cordis
329 3649 487 3729 exprimat
502 3645 668 3727 fervorem,

203 3727 308 3796 Unum
323 3735 472 3797 resonent
486 3735 642 3804 tenorem¹

201 3813 286 3882 Vota
299 3831 369 3880 enm
384 3813 469 3882 vocis
484 3811 640 3881 laudibus.

146 3986 176 4054 7.
200 3979 251 4049 ab
264 3985 395 4049 aeterno
413 3978 569 4060 ordinata,

201 4065 239 4132 In
252 4065 362 4150 figuris
376 4063 589 4147 praesignata,

63 4228 64 4232 Ἰ
201 4151 238 4216 In
253 4148 419 4234 seripturis
436 4149 626 4231 prophetata

159 4239 160 4242 ’
200 4233 371 4299 Praeludio
385 4233 444 4299 sub
459 4231 609 4314 mystico:

200 4317 307 4397 Digna
319 4316 378 4380 Dei
392 4321 496 4381 mater
509 4333 589 4395 esse,

200 4398 300 4479 Virga
314 4398 353 4463 de
368 4399 473 4463 radica
487 4396 586 4473 lesse,

198 4481 274 4544 Flos
287 4480 367 4546 coeli
382 4479 421 4544 da
436 4489 541 4546 terrae
555 4498 659 4546 messe

199 4561 284 4628 ltere
297 4563 454 4645 prooessit
466 4561 594 4630 coelico.

816 3237 845 3299 3.
871 3227 969 3292 Plena
983 3225 1075 3290 bouis
1090 3222 1178 3300 virgo
1192 3219 1296 3299 grata,

871 3311 968 3376 Dives
983 3306 1073 3372 donis
1086 3322 1123 3370 ac
1137 3304 1264 3377 donata,

870 3394 961 3460 Votis
975 3391 1034 3455 Doi
1049 3389 1243 3473 desponsata

871 3477 930 3541 Per
945 3474 1125 3540 Gabrielem
1141 3467 1299 3534 isontium:

871 3558 981 3624 Fidem
996 3556 1085 3622 dedit
1099 3559 1132 3620 et
1145 3549 1263 3624 obedit,
1302 3629 1310 3644 ὑ

871 3643 977 3708 Verbo
991 3639 1101 3717 medis,
1116 3633 1245 3701 verbum
1259 3629 1336 3708 edri,
1353 3710 1361 3727 ι

872 3725 1009 3794 Mentem
1025 3729 1167 3788 veromam
1181 3716 1279 3783 verbo
1292 3709 1379 3804 oedat

868 3811 968 3877 Grato
982 3812 1108 3891 gratum
1122 3799 1303 3886 hospitium.

813 3984 844 4046 4.
869 3979 1007 4045 Mundus
1021 3979 1138 4060 stupet,
1152 3973 1230 4039 haee
1244 3965 1358 4053 puella.

868 4063 946 4129 Tam
961 4061 1074 4145 pusilla
1088 4057 1173 4143 quod
1187 4053 1323 4131 novella,

868 4147 973 4212 Mollis
986 4145 1083 4224 stilla,
1097 4141 1194 4209 moris
1209 4137 1314 4219 stella,

869 4231 911 4296 So
925 4231 1136 4295 continentem
1150 4223 1306 4291 eontinet:

868 4314 1072 4379 Caratacum
1087 4318 1177 4393 patra
1192 4309 1384 4384 causantem,

867 4396 980 4461 Matris
994 4396 1027 4460 in
1042 4395 1113 4460 sinu
1127 4396 1313 4475 pausantem

868 4478 960 4544 Hunc
973 4477 1134 4554 infantem,
1148 4473 1204 4541 sed
1219 4472 1388 4555 gigantem,

867 4561 927 4640 Qui
942 4579 1038 4628 manu
1051 4560 1156 4628 coelos
1170 4557 1318 4627 sustinet.
