2846 4982
652 161 987 254 ..θεῖς’

120 365 148 434 8,
165 367 192 423 ἃ
210 365 351 424 illulstret
365 365 401 424 D.
436 396 472 436 ε-
507 372 534 440 t,
553 373 577 428 1.
594 369 663 427 Her.
680 369 757 427 lente
773 369 856 426 Brit
873 368 990 428 ebrhtls
1006 369 1062 428 re.
1080 370 1218 429 dubitetis
1234 370 1268 428 0.
1286 399 1322 416 -
1342 375 1403 444 Μ.

120 437 244 563 finctum
262 435 343 495 EGO.
360 437 458 496 Wack.
492 439 560 497 Her.
578 455 630 497 aee
647 445 683 496 tr.
700 440 733 496 0.
751 469 786 483 -
803 442 830 509 9,
848 443 873 496 7.
892 439 937 498 Sic
953 440 1087 511 perducat
1102 441 1185 500 BGO.
1202 443 1304 506 Waak.
1320 443 1403 516 Algae

140 521 183 563 uc.
200 505 235 563 ll.
253 535 289 550 -
306 505 384 562 Sedet
401 508 451 565 der
467 511 494 566 9.
511 507 569 567 Str.
584 511 637 566 tut
654 509 719 578 KQ:
748 509 870 579 Quaeram
896 511 991 566 mahat
1017 526 1068 568 aue
1089 511 1216 567 dodriae
1238 512 1404 570 vltlcrnmn

120 576 239 646 mdes,
256 577 300 636 lle
317 576 357 635 sle
374 585 464 636 ruorte
481 581 627 648 rependas
643 580 811 637 Damasum·
826 595 889 636 cnm
907 580 1008 650 impiis.
1042 580 1149 637 Herum
1176 580 1254 638 lonae
1278 582 1404 641 delmatia

120 647 185 706 Sitis
202 653 308 707 aneae
325 648 480 724 eharltetle,
498 649 537 708 Ut
554 664 690 723 supernae
708 650 845 708 claritatis
862 650 1042 708 Perlruaurur
1058 651 1175 723 gaudiis.
1192 653 1294 709 Amen.

666 831 843 842 -u-—n--o--u-

520 959 592 1024 428.
634 954 687 1024 Dc
705 962 814 1026 sancte
834 955 1005 1024 Malthace.

120 1092 148 1154 1.
172 1087 327 1157 lnDeuru
341 1090 466 1158 exultet
477 1089 641 1163 iubilandc
841 1111 925 1161 nunc
936 1090 1207 1176 evangelizatura

173 1177 533 1255 carcetccrncstrum,
829 1177 919 1258 vlegis
933 1182 1175 1257 transgressore.

172 1253 299 1322 Etenim
389 1274 426 1323 er
840 1259 927 1326 Tulis
941 1266 992 1326 εει
1006 1257 1129 1326 fructus

171 1335 287 1404 adinre
322 1337 409 1406 tslbl
424 1338 563 1421 domum,
839 1341 1054 1426 poenitentiae
1096 1351 1100 1359 ·

94 1445 96 1448 ·
171 1417 306 1496 Quande
322 1417 467 1488 Christus
481 1420 574 1490 Iesus
588 1423 629 1489 ad
644 1439 679 1490 se
838 1430 871 1490 et
885 1425 1008 1506 gratiae
1022 1423 1127 1506 lapsos
1141 1421 1328 1504 revelantis,

46 1579 51 1590 Ι
169 1499 296 1568 vomuit
308 1499 516 1570 Matthaeum.
839 1507 885 1571 Ac
899 1504 1086 1586 publicanus

115 1580 144 1644 ι.
170 1581 380 1650 incensiones
838 1594 967 1654 euinctus
981 1587 1074 1668 nnius

169 1665 653 1752 incerdequltuncdispcsuit,
837 1668 1290 1752 exemplocdsereueeuntis.

169 1748 250 1814 (lum
264 1749 496 1815 mundanarum

170 1847 317 1896 curarum
332 1831 436 1898 vincla
449 1830 606 1914 deposuit.

112 1906 141 1972 3.
168 1912 405 1981 Misericordiae

166 2012 250 2061 nunc
264 2002 298 2062 et
311 1997 343 2061 in
358 2004 524 2064 aeternum

166 2083 330 2151 cantemus
344 2079 428 2158 patri

165 2159 466 2242 misericordiarum,

54 2257 55 2260 ’
165 2243 255 2309 Inter
271 2243 433 2327 apostoles

167 2329 200 2391 ει
214 2325 429 2407 evangelistas

164 2407 218 2491 qui
233 2408 350 2474 locavit
448 2489 455 2506 ·

108 2565 138 2630 4.
163 2489 580 2654 fr‘lssffirgfflum'

162 2654 359 2738 resplenduit
372 2655 469 2722 iacies
482 2653 649 2738 Matthaei,

161 2739 242 2804 Nam
257 2739 338 2804 liber
353 2737 567 2821 generationis

161 2819 280 2887 christi
295 2821 411 2889 clarior
425 2824 477 2886 εει
488 2819 569 2886 libro
583 2821 699 2904 genesi.

161 2904 204 2970 lli
218 2902 281 2970 duo
296 2905 475 2970 consistunt
488 2903 520 2970 in
535 2905 650 2988 capite,

161 2987 279 3053 veteris
293 2987 348 3053 ille
363 2986 413 3052 hic
429 3003 529 3053 novae
772 2997 803 3059 7.
828 2990 874 3052 Δε
887 2995 933 3065 ιιι,
949 2987 1120 3062 Mattheee,

160 3071 348 3152 scripturae,
361 3068 418 3135 sed
429 3067 483 3135 ille
494 3069 666 3153 antiquam,
675 3071 726 3146 hle
827 3069 932 3136 cerdis
947 3076 980 3134 et
993 3071 1101 3136 vultus
1115 3071 1245 3137 humaui

159 3170 272 3217 novam
288 3151 400 3218 scribit
413 3152 642 3232 genealogiam.
826 3153 952 3234 plagam
968 3153 1091 3233 generis
1105 3153 1235 3218 humani

158 3233 296 3299 Proinde
310 3239 431 3316 quiante
445 3241 494 3300 est
509 3235 661 3302 distantis
826 3235 970 3300 Clemens
988 3242 1143 3318 respecta,

157 3317 483 3398 interscripturarum
825 3319 919 3382 siruul
934 3325 968 3383 et
981 3317 1119 3398 pleniter
1133 3335 1218 3396 cura,

156 3399 312 3481 principia
326 3401 477 3480 nunqnae
493 3407 524 3468 et
539 3417 648 3480 nevae,
714 3456 717 3464 .
823 3401 906 3465 sicut
920 3406 975 3465 tua
990 3405 1041 3465 est
1055 3407 1177 3478 curata,

158 3486 250 3546 tenta
264 3486 313 3547 est
328 3483 360 3548 in
375 3483 540 3549 illatthaeu
555 3488 589 3549 et
602 3481 722 3568 Moyse.
824 3481 893 3560 Quo
909 3481 1053 3548 tnulreti

101 3572 131 3635 t.
157 3565 245 3630 Haec
258 3572 309 3631 est
324 3568 467 3646 multatio,
824 3566 941 3632 anxilio
958 3583 1016 3648 per
1030 3563 1190 3631 Christum
1219 3623 1222 3632 .

156 3665 251 3729 quum
266 3655 417 3732 operatur
431 3649 547 3716 excelsi
823 3649 1047 3716 sicsanemur
1212 3648 1217 3658 '

155 3731 312 3879 principis.
322 3731 462 3810 dextera,
756 3735 759 3740 ’
822 3733 994 3812 cpeccstis
1009 3731 1164 3808 erunibus,

183 3832 272 3896 egem
287 3815 339 3895 qni
356 3814 496 3894 dederat,
821 3820 857 3881 ut
872 3822 903 3880 te
919 3819 1064 3880 sanatum
1080 3813 1249 3879 credimus.

97 3919 194 4048 ΜΞ.
214 3921 304 3977 i'eat.
340 3920 786 3992 Moneuo.71e(e,rce)ans:
820 3921 873 3976 Hs.
897 3937 935 3976 ca
959 3921 1048 3976 Orate
1065 3921 1122 3991 ⁴‘²;¹,·,.
1148 3923 1192 3975 12.
1209 3918 1315 3978 suerin
1343 3925 1403 3980 nit

189 4009 231 4046 err.

169 4078 194 4132 b.
212 4077 395 4133 Leecrteu.
433 4079 459 4146 3,
476 4079 501 4133 8.
519 4075 682 4132 mundarum
700 4075 753 4132 Ha.
771 4107 807 4120 -
825 4081 849 4146 6,
869 4081 893 4132 3.
913 4079 950 4134 Et
968 4093 990 4134 s.
1009 4077 1062 4133 Hs.

169 4181 192 4221 e.
211 4163 366 4221 Benerk.
405 4164 493 4222 Ueder
519 4165 573 4220 dar
596 4163 796 4238 espencaeus
818 4173 868 4222 etc.
894 4167 1003 4237 spriclst
1029 4167 1146 4224 Bartsch
1169 4166 1197 4223 3.
1215 4169 1261 4224 27.
1278 4173 1330 4228 89.
1351 4174 1403 4228 st.

781 1881 810 1942 6.
837 1874 897 1940 Est
910 1875 992 1940 enirn
1007 1890 1100 1939 cuine
1114 1872 1257 1940 debitum

835 1956 876 2022 cd
891 1957 950 2022 hnc
964 1973 1055 2021 serre
1069 1974 1090 2021 a
1103 1955 1170 2021 Dec
1185 1955 1366 2040 dimissum,

836 2037 881 2104 Ut
894 2039 1010 2104 suimet
1024 2056 1081 2119 per
1094 2037 1274 2120 exemplum

834 2122 976 2188 misereri
991 2120 1073 2186 sciat
1086 2137 1322 2190 conservorum.

833 2204 916 2269 Hinc
931 2202 1020 2268 vultu
1035 2203 1173 2286 propitio

833 2287 971 2352 humanu
985 2285 1064 2352 lacie
1078 2283 1260 2367 praefulget

832 2369 864 2434 in
880 2369 977 2434 coelis
991 2369 1097 2433 iuxtra
1110 2368 1259 2434 threnum

832 2469 973 2517 summae
988 2450 1120 2530 gratiae,

831 2533 901 2610 Qun
916 2535 975 2612 leo,
992 2535 1059 2610 bos,
1074 2533 1181 2614 aquile

830 2618 920 2683 vultu
928 2614 1071 2681 horribili
1083 2619 1346 2698 praemonstrent

830 2700 980 2764 virtutem
995 2698 1175 2764 divinorum

830 2780 1026 2848 terribilium.

643 4365 839 4376 “na—...—
