2826 4998
478 299 480 306 ’
595 274 824 341 -416-

80 449 110 516 ι
127 448 323 533 Angelorum
336 455 452 518 metus
464 450 574 536 eitam
587 457 626 520 nt
638 451 790 521 mortales
803 452 946 537 mpelos'

102 607 108 616 ,
128 531 274 614 Fanuret.
289 540 324 603 et
336 535 403 603 ueri
417 533 495 602 solis
509 536 693 622 propalaret
705 535 822 614 radios.

127 617 173 684 ilt
185 635 344 702 supernae
358 617 480 688 civitati
491 625 690 689 restauraret
701 621 854 704 perditos.

77 701 109 767 5.
128 701 228 769 Gravi
242 700 326 768 mole
338 703 563 784 premebamur
575 704 609 772 in
624 704 671 772 Ae
693 708 770 788 yptn
789 703 918 785 metali,

125 781 222 880 Queri
236 782 362 853 Pharao
375 803 431 852 rex
444 787 582 871 Aegypti
597 787 658 854 snb
671 721 742 868 iege
756 785 879 855 seruitii

126 864 313 945 lletrnebat,
328 865 369 933 sul
383 869 531 950 perennis
546 869 655 950 iugum
670 869 859 938 exterminii.

77 951 107 1014 b.
125 948 190 1014 llio
204 949 390 1031 praeposuit
404 951 575 1033 magistros
590 951 650 1019 inti
665 958 762 1034 atque
776 951 897 1032 latens,

125 1029 174 1097 Ut
187 1032 325 1098 terrenis
338 1040 559 1114 premerentur
571 1034 669 1101 eorda
682 1039 793 1101 nostra
807 1033 919 1117 paleis,

124 1113 195 1179 Neo
208 1115 242 1180 in
256 1121 368 1180 nostro
383 1108 464 1182 muri
478 1134 583 1183 mares
596 1116 678 1183 ullos
690 1134 762 1183 esse
777 1117 885 1183 voluit

76 1196 105 1262 7.
124 1197 169 1262 Et
185 1196 321 1264 Ioannes
335 1197 548 1281 Pulsunensis
563 1204 692 1282 sumpta
705 1201 796 1281 virga
810 1199 926 1285 Moysi,

122 1277 281 1347 Tenebris
296 1281 337 1347 de
351 1288 551 1364 peccatorum
567 1285 666 1351 traxit
679 1283 832 1367 populum
847 1282 917 1366 Dei,

123 1362 325 1432 Parsimonia
338 1366 434 1448 legali
449 1367 578 1435 strinxit
591 1366 710 1434 fluxum
724 1367 832 1437 seculi.

73 1444 103 1513 8.
122 1447 235 1515 Nutrit
249 1451 407 1517 musenius
423 1451 575 1519 uirtutum
592 1458 689 1534 nenne
702 1450 796 1517 findit
812 1452 965 1536 impetum

121 1533 345 1599 l‘oeuiteutine
360 1535 520 1616 baptismo
534 1542 647 1601 enecat
660 1535 845 1617 Aegyptius,

108 1615 166 1696 ¹Et
181 1614 323 1681 divinum
338 1623 449 1684 eontra
463 1619 573 1684 hostes
587 1623 759 1702 praeparet
771 1617 953 1684 exereitum.

71 1693 108 1762 9.-
121 1699 188 1764 Per
202 1701 366 1765 desertum
381 1701 466 1766 vitae
480 1701 574 1767 buius
589 1719 717 1783 gregem
732 1701 794 1767 sibi
810 1699 975 1768 subditum

120 1782 244 1848 biunna
257 1783 346 1864 pavit
360 1801 398 1848 ue
412 1783 598 1866 lyrnpbavit,
612 1801 675 1866 quo
691 1790 821 1866 pareret
836 1783 959 1850 editum

121 1865 369 1946 subingressum
385 1873 515 1932 structae
530 1873 646 1946 terrae,
661 1884 744 1950 quse
759 1885 834 1949 pnrs
849 1870 901 1932 est
914 1865 1097 1935 viventium.

55 1944 102 2014 10.
121 1949 192 2014 ilex
208 1956 358 2016 aeternus
369 1966 408 2016 at
422 1950 605 2016 tremendus
619 1948 947 2032 incomprehensibilis

121 2032 230 2098 llnins
246 2034 370 2099 meritis
384 2033 514 2099 loannis
528 2033 614 2100 arisit
627 2033 805 2114 exorabilis,

120 2116 166 2182 Et
181 2123 312 2199 peccatu
327 2116 416 2182 nobis
431 2123 546 2184 ennete
559 2117 653 2185 tollat
665 2115 846 2184 ineffabilis.
885 2131 887 2137 ·

55 2194 101 2267 ll.
120 2199 173 2267 Sit
187 2201 258 2267 isus
274 2200 361 2266 Patri
379 2201 521 2284 Filioque
535 2207 631 2285 atque
645 2208 757 2269 saneto
773 2201 948 2280 pneumati,

119 2283 183 2362 Qni
198 2285 351 2352 loannem
367 2283 593 2352 Pulsnnensem
608 2288 731 2368 magnis
745 2285 831 2352 uitae
845 2283 967 2351 meritis

117 2367 293 2435 Decoravit
307 2376 341 2435 et
354 2370 493 2436 aeternis
508 2370 702 2453 mancipavit
715 2367 876 2453 praemiis.
905 2370 1015 2434 Amen.

121 2475 219 2534 Text.
255 2478 328 2535 Aeta
347 2477 510 2535 Sanctorum
529 2479 589 2535 Iun.
608 2479 685 2534 Tum.
695 2477 743 2534 1v.
762 2493 789 2548 p.
797 2477 845 2532 bb:
864 2475 924 2546 „Ex
942 2473 1021 2533 Mire.
1034 2472 1160 2534 manuel
1178 2472 1280 2548 (ΔΜ)
1297 2488 1347 2532 me.

53 2547 120 2606 nint
139 2547 325 2606 Vabeanao.“
344 2579 378 2591 -
398 2550 498 2606 Daniel
516 2549 552 2620 11,
574 2553 624 2606 ibt
642 2550 692 2606 bet
711 2549 818 2605 durans
837 2547 883 2604 die
900 2549 918 2603 3
935 2550 1029 2605 nmen
1046 2543 1151 2626 Zeilen
1271 2575 1275 2584 .

600 2711 796 2721 -——-.—-.—

448 2828 519 2893 614.
561 2825 614 2892 De
638 2843 664 2891 s.
686 2823 776 2890 lento
797 2827 949 2908 manyre.

49 2937 143 3006 (ΒΜ
161 2939 235 2995 node
252 2938 404 3013 aebrp'm
422 2938 690 3012 denMartyr-ertod
713 2957 750 2996 ru
771 2938 879 2995 Albula
901 2937 935 2994 de
955 2936 1086 2994 Ηοιιωσ
1107 2935 1284 3008 respousa
1307 2933 1346 2990 in

505 3009 534 3068 J.
552 3014 614 3081 301,
632 3012 743 3069 spurt
758 3013 785 3067 8.
802 3010 891 3081 Aue.)
1361 3033 1364 3040 ·

52 3138 77 3200 l.
99 3130 218 3199 Oions
231 3131 336 3198 almae
350 3131 514 3213 bonitatis,
777 3129 899 3196 Sonte
913 3125 1003 3194 subit
1016 3125 1178 3192 munstur

99 3215 244 3283 Nostrae
258 3233 318 3280 vox
334 3214 524 3283 humilitatis
812 3209 1137 3278 ortelesuinoitatns

99 3297 231 3366 Laudes
244 3296 304 3362 tibi
318 3297 483 3380 deputatis
776 3295 881 3377 Digne
895 3295 1006 3361 Iustus
1020 3292 1094 3358 bino
1107 3294 1239 3358 sumtus

100 3380 474 3463 Solvataprnornrdiis:
777 3379 899 3446 Ettem
914 3393 1060 3461 requam
1075 3375 1210 3442 uomina.

98 3464 215 3533 Nostri
229 3463 328 3532 (leons
343 3465 384 3531 ob
401 3463 538 3546 patroni,

99 3547 162 3627 Qui
179 3547 300 3614 virtute
314 3549 362 3613 tui
377 3547 453 3613 doni
721 3551 751 3614 3.
776 3545 877 3611 Nobis
890 3544 960 3610 eius
974 3542 1015 3610 ob
1030 3558 1160 3608 oramen

98 3631 178 3698 Veri
194 3631 281 3696 latur
293 3628 356 3697 suit
369 3629 445 3696 boni
737 3699 741 3708 ,
775 3627 879 3694 Tnnm
894 3624 951 3707 fer,
968 3625 1104 3704 Christe,
1118 3625 1275 3705 inermen,

97 3713 417 3798 Suisaprinrordiis.
607 3787 610 3794 ,
774 3709 945 3776 Esanotnr
960 3715 993 3775 et
1008 3707 1162 3806 nominis:

48 3802 74 3864 t.
96 3803 200 3866 Aetne
214 3799 317 3880 gessit
331 3799 385 3881 qni
400 3796 516 3864 seniles
776 3793 822 3860 Ut
836 3794 877 3860 ab
892 3791 994 3859 hostis
1009 3789 1085 3858 mali
1099 3791 1174 3857 teba

95 3882 188 3949 Inter
201 3899 302 3948 annos
316 3881 455 3965 pueriles
775 3877 935 3944 Eruumur
950 3875 1029 3941 etin
1044 3874 1142 3941 coelis

97 3965 273 4032 Veretuus
286 3962 516 4031 moeommiles
775 3960 893 4027 Tenum
908 3977 966 4026 nos
980 3958 1094 4025 laetari
1109 3954 1189 4023 velis

11 4113 12 4116 ,
95 4049 341 4132 Regumrexet
354 4048 497 4113 domine:
773 4039 1169 4126 Demnmputeriuminie.

111 4173 136 4213 a
159 4153 256 4282 {eat
291 4155 329 4213 Η.
348 4154 437 4212 Mosei
455 4154 507 4211 luat
523 4151 581 4208 eris·
598 4148 1029 4221 diacrispuurubpeeeirs'eben
1047 4163 1115 4208 uus:
1131 4137 1341 4204 Mtsrmtnrltt
1388 4131 1390 4136 ’

12 4393 14 4416 ,
48 4227 347 4371 matrerm.
383 4313 409 4383 8,
427 4312 454 4367 b.
471 4308 592 4367 numnis
610 4306 679 4364 oder
695 4306 825 4377 numnis,
842 4306 949 4364 eduen·
965 4321 1003 4362 ru
1020 4304 1103 4360 lesen
