2884 4986
452 381 497 400 .,
582 321 814 408 -sso-

110 495 144 552 b.
163 493 351 552 became
386 498 413 554 1.
430 495 514 570 eules
530 497 565 554 Δ.
583 524 618 540 -
636 499 663 554 7.
681 502 832 554 terrentm
850 495 962 554 8.-8.
979 498 1103 569 untia·
1118 497 1224 557 18.-
1236 501 1263 557 l.
1280 497 1346 558 dnn

47 565 110 622 ‘⁸⁸
126 566 286 694 ezir:
300 565 405 695 ste
419 565 454 693 l:
473 593 509 611 ··
526 565 577 693 3⁶⁰
595 574 660 690 “l“
676 567 729 624 ¹¹⁰¹
747 568 788 624 ²⁰¹
806 565 922 624 ΜΝ
940 565 1046 626 Μ·
1064 570 1100 688 Δ·.
1119 597 1151 614 ··
1166 567 1345 694 *⁸¹33*

33 793 166 918 abach
183 859 214 916 8.
231 863 294 917 177.
313 889 348 911 -
369 859 430 933 Vsa
448 857 502 919 Νι.
519 861 582 916 861.
600 863 661 918 778.
678 795 982 918 318888881ἵκθὲθ.
1000 791 1083 922 &a
1100 793 1261 866 mmm
1278 793 1324 851 ab·

599 1031 725 1042 ὀυ-..ψ-
735 1033 797 1042 ο.-

401 1171 474 1236 810.
514 1165 568 1236 De
588 1186 615 1235 a.
640 1167 873 1238 1711111111.
894 1174 924 1236 el
942 1189 985 1238 11.

53 1312 86 1374 1.
101 1305 185 1373 Arc
199 1301 366 1386 presure
380 1299 563 1381 (11111τί11,
577 1317 651 1368 nam
664 1306 723 1368 tua
736 1305 847 1369 111111
861 1307 913 1370 est
926 1300 993 1368 rita
1006 1301 1180 1370 crudeliter
1193 1307 1288 1370 torte
1343 1325 1346 1334 ·

51 1395 86 1456 2
110 1386 208 1468 Euge
222 1383 310 1464 regis
324 1389 410 1464 natu,
426 1382 562 1449 Domino
575 1389 679 1464 grata,
693 1401 773 1450 aero
787 1383 903 1466 puerili
916 1381 1010 1451 senili
1021 1384 1109 1451 culta
1123 1384 1232 1453 studio
1246 1403 1340 1468 erae·

191 1465 292 1545 ladio,
305 1483 429 1532 moranus
443 1465 565 1531 doctrix
576 1466 743 1532 benorum.

50 1557 85 1620 8.
111 1552 215 1632 Virgo
235 1547 318 1628 legis
337 1545 471 1614 iormam
497 1546 640 1627 rectique
661 1564 803 1612 normam
825 1546 952 1630 capiens
973 1553 1098 1615 mutuare
1111 1545 1239 1616 laturae
1254 1548 1340 1617 ritae

193 1630 308 1697 siticm
320 1628 473 1695 abiiciens
487 1645 569 1694 raus
582 1629 647 1694 ism
661 1629 807 1695 sensibus
822 1646 912 1696 cana.
1015 1706 1018 1712 ,

50 1723 86 1785 4.
100 1714 161 1786 ,Te
175 1713 292 1780 domus
305 1711 415 1795 patris,
437 1717 471 1777 te
492 1729 551 1792 sup
573 1708 625 1776 lex
639 1714 709 1775 tota
722 1710 833 1778 matris
847 1711 1045 1794 recognoscit
1057 1712 1240 1794 lacedem,
1262 1713 1339 1782 urbs

190 1792 386 1862 Alexandria
399 1793 459 1861 tibi
473 1729 607 1892 proteget
624 1792 744 1859 sedem.

51 1887 85 1950 1.
108 1879 158 1947 'l'e
171 1877 391 1956 conflicturum
407 1876 553 1943 Ghnstus
567 1895 606 1943 cn
619 1876 889 1959 triumphaturum
908 1893 1021 1945 saeros
1034 1876 1144 1946 hostes
1156 1879 1338 1964 praescivit,

191 1961 311 2029 idcireo
325 1967 358 2028 te
371 1977 462 2026 suam
477 1959 617 2042 pugilem
633 1959 776 2026 muniuit.
869 2013 872 2020 .

50 2053 85 2116 8.
108 2045 164 2114 Τιι
176 2063 297 2127 agnum
310 2043 390 2111 coeli
405 2059 542 2125 sequens
555 2042 650 2108 corde
671 2041 767 2122 fideli,
788 2040 864 2109 dum
879 2041 1034 2110 Maxentii
1052 2046 1230 2116 contemnis
1250 2045 1338 2114 iuro·

190 2124 886 2210 reemnrtyressuperansiacisdoctores.·
1135 2153 1145 2192 ι.

50 2221 86 2282 7.
109 2211 225 2293 ‘lusus
239 2208 398 2275 lucentem
411 2215 526 2288 rotam,
551 2215 646 2291 teque
659 2213 831 2276 terrentem
856 2208 1007 2276 delicians
1026 2215 1060 2276 et
1073 2227 1226 2294 spernens
1240 2211 1361 2296 paga?

190 2311 258 2374 nos,
273 2293 306 2358 in
320 2290 384 2357 lide
398 2289 543 2357 solidasti
558 2290 758 2358 christianos.

50 2384 86 2448 8.
113 2377 198 2444 ilinc
218 2375 361 2458 gentium
377 2373 441 2440 dux
455 2375 661 2454 convertitur,
683 2390 776 2456 quem
796 2373 909 2456 regina
930 2375 1063 2443 medens
1085 2378 1240 2460 seqnitur,
1261 2375 1336 2444 dum

189 2457 376 2556 obsequitur
395 2457 612 2524 incarceratos
631 2457 790 2523 coelorum
809 2463 919 2523 coetus
938 2457 996 2524 tibi
1015 2458 1118 2525 victor
1138 2461 1263 2541 111711,
1285 2461 1336 2528 eui

188 2539 443 2608 Dominuslesus
450 2537 598 2606 Christus
613 2555 781 2620 apparens,
795 2535 978 2606 confortans
991 2543 1025 2606 te
1038 2539 1252 2609 nihilominus.

50 2630 86 2693 1.
112 2622 197 2690 ilino
216 2639 334 2688 manna
353 2638 463 2688 verum
484 2618 544 2687 tibi
565 2620 710 2687 redditur
728 2619 843 2698 orant,
863 2621 941 2687 dum
959 2639 1020 2689 vox
1041 2622 1129 2690 coelo
1149 2623 1289 2692 mittitur
1302 2631 1337 2692 et

48 2717 52 2722 '
187 2705 396 2854 {remittitur
410 2721 468 2787 pro
481 2703 598 2787 quibus
612 2721 685 2770 oras
698 2703 840 2770 solamen
855 2703 963 2786 sicque
978 2704 1135 2774 decollata
1145 2707 1230 2774 lacte
1244 2725 1336 2774 rores
1350 2711 1353 2720 “

210 2789 262 2856 inc
276 2787 462 2856 subveheris
475 2789 724 2871 angelorumque
737 2804 834 2853 manu
846 2788 880 2852 in
894 2793 1004 2855 monte
1018 2788 1095 2856 Sina
1115 2790 1294 2873 deponeris.

31 2879 84 2946 10.
110 2873 176 2940 Fac
194 2872 315 2939 iontem
331 2871 414 2950 vira,
440 2888 535 2954 quem
549 2877 587 2938 ut
600 2870 684 2937 olim
699 2867 806 2936 lundis
821 2887 860 2936 ex
874 2870 975 2939 lesira
989 2877 1191 2955 peccatorum
1205 2874 1336 2941 vulnera

188 2973 302 3054 curare
315 2971 436 3036 nosque
450 2953 599 3035 solidare,
622 2971 661 3020 ne
680 2971 878 3037 superemur,
900 2955 958 3021 sed
977 2972 1035 3038 per
1050 2955 1221 3023 terminum
1235 2957 1333 3023 ricto·

189 3056 269 3104 nem
283 3054 478 3104 coronemur.

31 3128 86 3191 11.
110 3123 174 3189 Fac
187 3123 255 3204 igni
269 3119 337 3188 iero
351 3137 409 3187 nos
423 3125 457 3186 et
470 3136 581 3186 severo
593 3137 657 3186 non
672 3117 768 3198 uadi,
783 3117 839 3185 sed
854 3137 929 3187 sero
944 3121 1115 3188 reconcilia
1124 3140 1183 3190 nos
1198 3122 1335 3189 creatori

186 3205 279 3354 gans,
304 3209 341 3268 ut
360 3202 547 3285 temptatori
569 3219 632 3268 uon
651 3200 901 3284 succumbamus,
927 3204 984 3271 sed
1006 3207 1187 3272 nocentum
1202 3205 1335 3272 insidias

209 3303 399 3354 evaneamus.

30 3377 87 3440 17.
108 3371 195 3437 sudi
209 3387 279 3449 nos,
294 3387 367 3436 uam
381 3373 414 3436 ta
427 3369 583 3437 Dominus
597 3384 746 3451 sponsam
760 3385 850 3435 suam
865 3369 1011 3436 honorat.

29 3459 85 3524 18.
108 3451 208 3520 Salsa
221 3471 280 3521 nos
293 3452 378 3532 lesu,
393 3470 451 3536 pro
465 3453 582 3536 quibus
596 3450 768 3518 (latuerim
781 3458 815 3518 te
828 3457 910 3519 orat.

28 3542 86 3605 14.
107 3537 159 3604 Da
172 3533 295 3604 iontem
308 3535 357 3603 tui
370 3535 482 3603 uteris
497 3553 556 3602 uos
570 3533 739 3601 emendare
795 3534 882 3602 nitus
895 3555 916 3602 a
930 3535 1003 3604 labe
1016 3537 1155 3607 sceleris.

29 3625 84 3688 lli.
106 3619 179 3699 Quo
192 3618 310 3688 hausto
323 3619 542 3702 indulgentiae
557 3617 710 3685 ducemur
723 3637 743 3684 1
779 3617 928 3686 coelestia
942 3637 1039 3686 mauu
1053 3619 1250 3689 elementiae.

29 3707 84 3771 18.
106 3701 369 3770 christianissimi
391 3701 507 3768 donum
527 3700 578 3767 iao
597 3719 656 3767 uos
676 3699 793 3767 bonum
808 3701 980 3782 custodire,
1002 3710 1097 3786 teque
1111 3705 1159 3771 sio
1171 3705 1272 3781 sitire,
1294 3709 1331 3770 ut

182 3802 363 3854 mereamur
376 3783 1004 3869 postexilium,'suctor,adtetransire.
1333 3805 1335 3810 ·

101 3909 131 3950 a.
149 3891 246 3950 7117.
281 3893 361 3951 lllss.
377 3890 504 3964 Mogunt
526 3893 602 3949 1807.
640 3919 673 3935 -
708 3889 934 3964 nantellino
956 3893 1008 3950 lsai
1026 3893 1073 3950 die
1089 3897 1110 3950 1
1126 3899 1218 3951 erma
1234 3891 1331 3950 211711

26 3980 85 4022 ur
103 3963 167 4020 ders
185 3964 265 4021 lllsr.
283 3963 434 4034 Numlurg.
458 3965 535 4020 1817.

101 4052 131 4109 b.
150 4049 305 4107 Basacrl.
347 4049 407 4123 Ver.
425 4049 478 4108 Nr.
495 4053 559 4106 881.
577 4053 639 4108 778.
655 4054 718 4107 818.
735 4054 798 4108 880.
815 4053 877 4108 881.
895 4053 958 4108 880.
975 4055 1038 4108 888.

392 4307 464 4371 sal.
507 4301 560 4370 Dc
579 4323 606 4371 s.
627 4301 809 4371 Kasossos
828 4324 857 4371 o.
878 4309 908 4372 ct
927 4325 970 4372 m.

48 4444 79 4505 1.
102 4437 172 4503 Are
184 4433 351 4518 praeclara
364 4436 547 4516 nogento,
562 4453 636 4502 narn
650 4441 707 4502 tus
721 4440 833 4503 muers
845 4441 900 4513 est¹
909 4436 977 4502 rita
989 4435 1162 4504 crudeliter
1175 4440 1271 4502 torta

47 4525 80 4593 2
103 4517 196 4600 Euge
220 4517 310 4600 uirgo
333 4513 469 4597 Christi,
494 4525 527 4584 te
553 4518 767 4602 praesentasti
791 4518 833 4584 eu
857 4535 970 4584 manus
994 4523 1159 4598 cruentus,
1183 4523 1222 4587 ut
1244 4517 1328 4586 laisa

78 4667 104 4678 ,,
181 4600 312 4668 numina
324 4599 487 4677 ostendes,
501 4600 589 4684 quod
603 4618 666 4668 non
680 4601 723 4668 sit
736 4599 770 4668 in
783 4598 834 4668 his
849 4599 948 4684 salus,
963 4600 1135 4672 affirmans.
1263 4641 1267 4676 :
1331 4667 1334 4674 ⁴
