2830 4996
645 149 856 258 ..00-

481 375 551 442 100.
601 372 645 441 Ia
665 373 761 460 serio
788 372 814 444 I
817 371 852 447 V.
872 372 1022 459 0000000.

514 523 630 596 (Auem
647 530 691 582 est
707 522 817 582 Notior
833 521 986 596 balbulus.)
1031 545 1035 554 ¹

128 667 155 732 1.
177 659 302 730 000000
315 659 384 730 000
397 661 544 731 eoudnat
557 662 644 730 orbis
657 663 775 746 ubique
788 666 886 744 totus,
901 662 956 746 qui
969 662 1073 745 pratis
1086 667 1137 731 est
1150 662 1317 733 liberatus.

126 746 483 830 0.·0000000100000
496 745 737 829 indulgentium,
756 747 811 830 qui
825 747 994 820 miserans,
1010 746 1095 829 quod
1110 765 1208 830 genus
1221 746 1398 814 humanum

201 889 204 896 .
253 845 329 896 eusu
342 828 510 897 suueubult
523 834 685 912 veterano,
782 852 785 860 ’

125 916 156 980 0.
177 909 270 979 Misit
282 917 395 980 natum
407 928 498 979 suum
512 913 545 981 ln
559 917 673 994 terres,

125 1001 157 1062 4.
178 992 226 1060 Ut
238 1011 298 1062 sua
311 994 425 1063 dextra
437 995 579 1064 iacentes
594 1013 692 1064 coeno
706 995 828 1064 levaret
840 996 915 1080 polo
927 995 1176 1081 restituuntque
1188 997 1326 1081 patriae.

126 1083 156 1144 0.
177 1077 240 1144 Hie
253 1095 330 1159 ergo
344 1078 473 1161 genitus
486 1079 630 1147 illibatae
643 1081 755 1146 matris
768 1087 871 1160 utero,

124 1165 154 1228 6.
174 1160 237 1227 Hie
250 1161 331 1227 vixit
344 1161 433 1227 solus
446 1161 541 1228 homo
554 1164 677 1246 absque
691 1179 791 1230 naevo
805 1170 838 1231 et
851 1163 920 1229 sine
932 1162 1016 1230 doio.

92 1327 94 1332 Ι
125 1249 154 1310 7.
176 1242 417 1311 Coluberddae
430 1245 626 1312 malesuasor

123 1331 155 1393 0.
177 1325 279 1404 Quam
293 1345 354 1393 sua
367 1345 431 1393 non
445 1326 555 1394 inleeit
567 1327 690 1408 fraude,

122 1414 153 1475 9.
175 1407 259 1485 Quin
271 1409 341 1491 ipse
354 1409 459 1476 caruis
473 1411 541 1476 eius
554 1411 628 1477 esca
641 1407 743 1494 penu
756 1408 857 1491 avide,

103 1496 155 1559 10.
176 1491 316 1557 Delusus
330 1490 425 1558 hamo
438 1491 577 1560 Deitatis
592 1494 695 1560 viatus
710 1496 762 1559 est
773 1492 808 1558 lu
821 1510 944 1559 aevum.

104 1580 154 1642 11.
176 1573 281 1656 Igitur
295 1591 415 1648 omnes,
429 1574 542 1656 quibus
556 1577 703 1659 princeps
718 1573 813 1642 huius
829 1575 955 1655 saeculi,

104 1661 154 1724 10.
176 1656 265 1734 Quae
280 1656 343 1723 sibi
357 1656 477 1741 placita
488 1665 573 1739 sunt,
588 1658 711 1738 indixit,
726 1674 869 1741 quosque
883 1657 1036 1740 perdidit:

105 1745 155 1807 10.
176 1737 260 1805 Huiu
274 1738 414 1821 haerete,
428 1741 462 1807 in
476 1758 540 1823 quo
554 1759 647 1808 suum
661 1740 741 1808 nihil
754 1741 884 1807 invenit.

105 1827 156 1890 14.
177 1821 259 1887 Nam
273 1822 335 1905 ipsi
349 1822 561 1890 adhaerentes
575 1841 772 1906 nequaquam
787 1828 893 1908 potest
906 1823 1048 1909 perdere.

102 1911 152 1972 10.
174 1903 304 1972 Gratias
318 1923 402 1972 nnus
415 1912 511 1988 atqua
524 1907 558 1973 in
572 1909 698 1974 saecula

103 1992 154 2055 16.
176 1987 394 2069 omnipotenti
407 1989 601 2072 redemptori
615 1991 793 2058 iubilemus.

170 2123 196 2164 a.
214 2107 312 2164 0000.
346 2109 431 2166 01000
447 2109 500 2166 No.
521 2112 572 2166 106
591 2114 634 2235 41,
652 2085 716 2180 Ι014)
734 2127 803 2167 aas:
827 2109 882 2166 Hs.
907 2126 963 2166 000
979 2107 1121 2165 Maronea
1137 2124 1175 2165 sa
1192 2107 1322 2178 0010000,
1348 2111 1394 2168 12.

98 2177 200 2236 dabra
218 2179 278 2234 ras't'
289 2177 339 2232 der
355 2176 566 2251 Bestimsreap:
604 2182 664 2236 eris
681 2182 729 2237 v1.
747 2180 803 2250 (A).
821 2179 873 2236 Hs.
891 2195 929 2237 000
947 2177 1244 2237 mensurnorum
1264 2182 1356 2236 14080
1373 2178 1393 2236 d.

101 2253 143 2304 10.
166 2252 211 2303 11.
233 2246 335 2304 Jabrb.
358 2249 410 2303 ruit
431 2249 557 2305 10000000
579 2250 630 2321 (Ia,
648 2251 693 2305 000·
709 2249 811 2306 Daniel
828 2249 894 2306 000.
912 2249 989 2306 Mun.
1006 2250 1043 2318 0).
1070 2249 1222 2318 Sobnblper
1238 2248 1292 2307 No.
1313 2253 1359 2305 14.
1375 2262 1393 2305 0

99 2317 165 2375 000.
184 2318 302 2375 Eiusidl.
319 2317 367 2374 Fr.
387 2322 411 2374 1.
432 2320 482 2390 (0).
500 2320 601 2376 Daniel
620 2319 654 2388 V,
672 2323 708 2375 60
726 2335 779 2374 uer
797 2319 863 2377 000.
881 2321 908 2376 S.
927 2319 998 2376 Gall.
1016 2321 1069 2374 046
1087 2318 1142 2389 (ll).
1166 2347 1201 2362 -
1225 2319 1307 2376 01ίο0.
1327 2320 1393 2376 Bar.

100 2390 170 2445 1510
188 2386 242 2458 (a).
261 2415 296 2432 -
313 2385 393 2444 0000
416 2390 489 2447 auca
512 2391 559 2445 ee:
585 2389 670 2447 oouu
687 2389 805 2446 nunu.
826 2393 885 2447 rra.
906 2392 965 2446 ιιι.
991 2392 1050 2445 rur.
1075 2392 1136 2446 eoo.
1161 2386 1301 2446 000000.
1320 2390 1349 2444 0.
1366 2391 1393 2445 0.

167 2492 194 2549 b.
213 2488 400 2548 Lasartaa.
435 2496 462 2550 0.
489 2492 637 2552 subcubuit
658 2493 693 2549 Δ.
719 2521 755 2536 -
783 2495 809 2549 0.
833 2493 913 2550 Misit
934 2493 990 2549 bue
1006 2497 1063 2550 nat
1082 2493 1113 2550 0.
1131 2492 1215 2548 terris
1237 2493 1271 2549 Δ.
1300 2522 1338 2536 -
1364 2495 1391 2550 4

100 2635 142 2690 10.
162 2649 235 2691 nune
254 2639 283 2688 et
300 2633 329 2690 0.
348 2661 382 2676 ·-
404 2635 446 2690 16.
464 2633 523 2694 red.
541 2649 672 2692 muamus
691 2635 720 2691 0.

167 2751 192 2792 0.
211 2734 361 2791 demere.
400 2735 489 2793 Ueber
515 2737 568 2794 dus
586 2736 787 2809 Rbptbmisebe
809 2743 861 2794 ata.
885 2737 996 2809 spriebt
1011 2736 1130 2794 Bartsch
1147 2735 1176 2792 S.
1193 2737 1219 2791 4.
1237 2737 1264 2791 0.
1281 2739 1329 2793 10.
1346 2739 1391 2794 00.

98 2809 142 2863 40.
161 2808 206 2864 la.
223 2808 268 2863 46.
285 2808 330 2861 47.
347 2809 392 2864 40.
409 2809 453 2865 da.
472 2811 516 2865 60.
534 2810 578 2866 00.
596 2812 640 2865 70.
657 2811 702 2865 82.
719 2810 764 2864 04.
781 2809 843 2865 121.
968 2828 971 2834 ·

466 3109 538 3173 100.
581 3105 730 3192 Inferio
759 3105 792 3173 V.
810 3111 883 3190 posi
896 3104 1028 3188 pesclo.

119 3261 148 3322 1.
169 3252 343 3334 01000010,
358 3253 476 3335 quibus
489 3270 509 3320 0
522 3253 617 3321 terris
631 3269 714 3319 nova

117 3342 148 3404 0.
169 3337 290 3403 000000
304 3336 422 3402 mundo
436 3336 590 3402 nuncians
604 3335 721 3419 gaudia

116 3423 148 3486 3.
169 3419 319 3486 Nostram
333 3435 445 3486 rursus
458 3419 571 3486 visitas
584 3417 745 3502 patriam?

117 3507 148 3568 4.
168 3499 374 3583 Respondens
390 3501 516 3598 placido
530 3501 630 3580 uultu,
645 3500 732 3566 alara
745 3499 827 3566 dixit
840 3517 917 3568 roae
931 3499 1079 3567 Alleluia.

118 3589 148 3652 0.
168 3583 310 3668 Angelus
323 3583 401 3649 mih1
415 3584 455 3650 ds
470 3584 597 3652 Christo
612 3583 765 3651 indicavit
779 3583 833 3666 pia
846 3581 1010 3658 miracula,

118 3671 148 3734 6.
170 3667 395 3734 Resurrexisse
408 3665 578 3734 Dominum
592 3667 734 3735 siderum
749 3665 865 3734 cecinit
877 3684 954 3732 voce
966 3665 1137 3734 laudanda

119 3756 149 3816 7.
172 3751 246 3817 Mor
261 3767 298 3816 er
320 3767 474 3833 opennas
489 3751 626 3819 volucris
640 3769 759 3818 vacuas
773 3750 914 3834 dirigens
927 3748 1014 3816 laeta
1028 3768 1085 3833 per
1098 3767 1194 3816 auras

115 3831 146 3901 8.
168 3833 275 3901 Rediit
295 3769 422 3983 {rimulis
444 3839 478 3903 et
498 3834 579 3901 dixit
595 3839 762 3902 vacuatam
781 3832 885 3918 legem
899 3837 1048 3915 ueterem,
1073 3839 1108 3902 et
1120 3850 1234 3900 novam
1248 3851 1386 3918 regnare

265 3936 302 3984 ra
329 3935 390 3985 am.

115 3935 281 4086 01100ἕο
305 3999 447 4153 plaudite
470 4000 581 4070 umuli
606 4020 683 4072 voce
706 4001 808 4072 olera:
840 4000 986 4070 christus
1010 4000 1105 4070 bodie
1129 3999 1265 4068 redemit
1282 4019 1386 4072 noea

244 4093 347 4154 morte
383 4087 442 4153 ira.
847 4113 849 4118 ·
1243 4111 1244 4114 ¹

97 4173 145 4236 10.
167 4167 265 4238 Pater
277 4169 391 4238 Filium
406 4169 541 4238 tradidit
554 4171 667 4256 suevis,
682 4177 719 4241 ut
733 4170 951 4241 interimerent
964 4188 1022 4255 pro
1037 4171 1141 4240 salute
1155 4174 1275 4239 nostra.

96 4259 146 4321 11.
167 4252 189 4319 S
212 4260 286 4322 outo
302 4257 401 4325 subiit
411 4254 510 4324 Filius
524 4260 670 4339 mortem,
686 4266 723 4326 ut
736 4257 906 4326 redimeret
920 4273 977 4324 nos
992 4262 1095 4325 morte
1108 4257 1149 4324 ab
1163 4261 1307 4326 aeterna
1372 4303 1377 4314 -

97 4343 145 4404 12.
197 4357 257 4406 uuo
271 4341 411 4424 requiem
426 4357 540 4424 capere
553 4339 630 4409 lioet
643 4343 788 4411 omnibus
802 4347 836 4409 et
849 4343 915 4411 vita
928 4339 992 4408 frui
1004 4345 1170 4426 perpetua.

96 4425 145 4490 13.
168 4421 259 4520 Nune
272 4424 366 4492 colite
379 4424 502 4509 pariter
514 4442 646 4510 meeum,
659 4425 781 4512 famuli,
796 4425 911 4494 celebri
925 4424 1019 4494 laudo
1034 4425 1185 4493 Sanctum
1200 4423 1335 4492 Pascha

96 4508 146 4570 14.
167 4503 312 4576 (inustus
326 4513 377 4578 est
390 4525 453 4592 pax
466 4513 587 4576 nostra.
1139 4521 1141 4526 '
