2846 4982
617 212 872 278 ·-2et·-

114 393 152 461 9.
173 385 375 490 Principatus
389 389 444 458 uni
459 388 556 458 datur

171 472 607 628 llt‘tltlltl‘ll‘l

173 640 264 710 Unus
278 651 390 710 cortex
404 648 457 709 est
469 659 660 725 granorum.

171 723 235 793 Sed
249 729 284 793 et
299 744 364 794 une
376 727 425 793 vis
440 727 613 794 multorum
650 751 654 758 ⁴

169 809 237 878 Sub
251 810 365 878 eodem
380 809 507 878 cortice.

88 981 151 1046 10.
169 977 305 1043 Romam
323 977 537 1045 convenerant

168 1059 292 1127 Salutis
311 1059 429 1137 nuncii,

168 1140 233 1208 Ubi
248 1141 322 1224 plus
337 1148 492 1208 noverant

33 1229 36 1232 ’
107 1290 111 1296 ,
166 1225 279 1292 Inesse
296 1223 376 1304 vitii,

165 1307 256 1374 Nihil
272 1306 474 1389 disciplinae:

164 1391 327 1457 Insistunt
340 1391 428 1456 vitiis

165 1473 295 1540 Fideles
308 1472 434 1546 medici,

164 1556 262 1623 Vitae
275 1554 425 1622 remediis

166 1637 310 1705 obstant
324 1635 500 1721 phrenetici

103 1747 109 1754 ·
165 1721 263 1788 i'atui
278 1722 453 1788 doctrinae.

85 1892 144 1956 11.
166 1885 267 1952 Facta
282 1883 403 1949 Christi
417 1881 577 1949 mentione

166 1966 276 2034 Simon
290 1966 407 2047 Magus
421 1983 492 2032 cum
507 1963 634 2032 Nerone

165 2049 407 2117 conturbantur
419 2048 480 2114 hoc
493 2064 648 2130 sermone,

164 2133 233 2202 Neo
247 2133 366 2200 cedam
379 2131 553 2216 apostolis:

845 391 996 475 Languor
1009 388 1103 470 cedit
1118 405 1205 458 mors
1218 387 1336 476 obedit,

844 473 1210 626 taumatia:
1223 473 1336 627 till

845 641 1038 726 Reprobatis
1051 641 1155 709 idolis.

778 728 826 794 12.
845 726 931 792 Nero
945 726 1052 795 tremit
1064 727 1237 793 sceleratus

814 851 822 862 -
843 810 932 892 Magi
945 819 1047 877 morte
1060 808 1233 891 desolatus,

844 892 943 960 (iuius
957 911 1046 960 error
1060 894 1089 960 ei
1104 899 1226 974 gratus,

843 975 949 1043 Grave
964 977 1205 1059 praecipitium:

842 1059 1021 1126 Bellatores
1036 1058 1216 1142 praeelecti.

843 1140 915 1218 Non
930 1140 1025 1208 adde
1040 1144 1173 1225 possunt
1186 1139 1281 1219 decli,

843 1222 906 1291 Sed
920 1223 953 1289 in
968 1241 1076 1307 pugna
1089 1227 1177 1291 stent
1190 1223 1299 1304 erecti,
1413 1257 1415 1261 ·

841 1306 909 1373 Nec
922 1304 1095 1373 formidant
1107 1306 1259 1389 gladium.

773 1388 824 1454 to.
840 1389 956 1455 Petrus
971 1389 1083 1455 haeres
1099 1405 1192 1454 verae
1207 1389 1288 1456 lucis

700 1491 712 1514 ⁰
841 1471 919 1538 Fert
932 1473 1077 1537 inversus
1092 1489 1226 1554 poenam
1241 1470 1352 1556 cruda,

839 1553 957 1620 Paulus
972 1555 1070 1620 ictum
1083 1554 1239 1636 pugionis,

841 1636 908 1702 Nee
922 1635 1067 1701 diversae
1081 1635 1238 1719 passionis

839 1717 922 1784 Sunt
936 1718 1063 1784 diversa
1077 1719 1237 1800 praemia:

838 1801 952 1866 Patres
967 1819 1108 1867 summae
1124 1799 1299 1883 dignitatis,

731 1913 733 1917 .
839 1882 970 1948 Summo
985 1885 1051 1964 regi
1068 1883 1277 1964 conregnatis,

842 1964 954 2030 Vincla
968 1975 1096 2031 nostrae
1111 1966 1279 2049 pravitatis

839 2047 951 2115 Solvat
964 2056 1090 2116 vestrae
1105 2048 1274 2132 potestatis

837 2130 958 2198 Efficax
973 2133 1144 2199 sententia.
1174 2134 1283 2197 Amen.

164 2239 260 2296 feet.
296 2239 430 2298 clichtor.
447 2237 496 2308 IV,
513 2240 576 2295 aot
611 2265 647 2281 -
681 2235 782 2294 Daniel
798 2235 835 2303 11.
854 2239 897 2294 ot.
924 2237 975 2292 tat
1003 2237 1049 2293 dte
1074 2239 1203 2295 duem
1220 2236 1324 2294 Zetlea.
1359 2265 1393 2282 -

79 2311 179 2370 Ione
198 2315 224 2381 t,
242 2313 286 2366 96.
303 2312 354 2366 dot
371 2309 418 2366 dte
434 2311 453 2364 3
470 2312 562 2366 maten
579 2303 676 2364 maes
692 2321 746 2364 aare
764 2307 842 2364 sm
859 2305 912 2363 Ha.
932 2305 1213 2378 ruPoairmerescldca
1231 2322 1256 2364 o.
1267 2305 1322 2366 No.
1341 2321 1393 2364 oue

81 2383 156 2439 den
172 2383 219 2437 u.
235 2377 339 2438 ludat.

435 2740 508 2804 396.
550 2732 604 2801 Dc
622 2732 742 2802 mdia
762 2727 858 2802 Petro
878 2737 908 2799 ct
928 2730 1044 2801 Paulo.

79 2887 115 2948 1.
143 2875 239 2942 Duae
252 2888 329 2938 rere
342 2876 419 2938 sunt
433 2869 548 2948 olivae,

144 2957 211 3026 Per
223 2972 304 3038 quos
318 2953 449 3036 plantae
463 2952 644 3036 primitivae

142 3039 333 3107 Nascuntur
346 3035 518 3102 ecclesiae:

142 3120 273 3198 Quibus
287 3116 364 3185 Sion
378 3125 430 3183 est
443 3116 605 3201 compluta

142 3203 192 3270 Et
204 3202 346 3268 coeleste
361 3199 507 3268 delibuta

140 3287 249 3354 Roma
261 3300 336 3351 rore
349 3283 483 3365 grados

73 3503 112 3569 2.
143 3493 211 3562 Isti
225 3490 302 3560 Sion
316 3489 534 3571 fundamenta

140 3579 259 3656 Basse,
273 3582 370 3656 tecta,
384 3573 571 3643 fulcimenta

140 3665 284 3732 Arctoam
300 3664 432 3746 portant
445 3657 602 3726 foederis:

141 3747 264 3816 Petrus
278 3746 400 3829 primus
414 3742 604 3827 principatu
618 3763 621 3770 ·

139 3831 239 3900 Alter
252 3828 372 3897 Paulus
386 3827 579 3910 magistratu

138 3915 309 3998 Eilulgeut
322 3931 400 3999 prae
414 3911 538 3980 ceteris.

74 4135 111 4202 8.
138 4124 187 4194 Hi
202 4121 407 4193 suntsummi
422 4121 605 4202 bellatores,

1 4217 2 4224 ’
135 4211 248 4279 Duces
261 4207 370 4292 gregis
384 4210 418 4274 et
431 4207 588 4284 doctores,

1 4329 2 4336 κ
138 4293 258 4362 claves
272 4291 456 4372 sanctuarii,

819 2865 948 2947 (truces,
967 2866 1076 2932 malm
1091 2863 1306 2948 cypresslnae‚

819 2949 914 3030 Saga,
928 2948 1028 3032 pelles
1043 2953 1077 3014 et
1090 2949 1243 3030 cortinae,

818 3031 933 3098 vectes
950 3030 1117 3110 evangelii.

760 3117 792 3182 t.
816 3109 877 3190 Qui
897 3111 972 3178 dum
987 3112 1108 3178 Romae
1122 3112 1237 3179 docent
1254 3128 1367 3194 mores,

817 3195 971 3261 Plantant
984 3194 1079 3260 fidem
1094 3201 1128 3261 et
1142 3210 1267 3262 errores
1291 3245 1292 3248 ,

817 3277 1002 3344 Excludunt
1015 3276 1197 3359 gentilium:

817 3358 959 3426 Vincunt
972 3377 1082 3443 magos
1098 3367 1132 3427 et
1147 3359 1284 3427 Neronis

788 3469 791 3475 ·
816 3443 884 3510 Nec
900 3443 1074 3511 abhorrent
1089 3443 1247 3527 passionis

816 3526 860 3594 Et
875 3527 988 3595 mortis
1004 3526 1205 3612 supplicium.

735 3635 736 3639 ¹
762 3611 791 3674 o.
816 3611 903 3695 Ergo
918 3630 976 3679 nos
991 3612 1024 3680 in
1040 3611 1168 3680 tlhristo
1183 3611 1273 3694 duee,

817 3695 866 3762 Tu
880 3697 914 3763 iu
929 3715 1014 3777 ense,
1030 3701 1066 3762 tu
1080 3697 1113 3762 iu
1129 3712 1221 3762 cruce

817 3781 939 3848 Ardore
953 3780 1099 3865 martyrii

816 3865 883 3932 Nos
897 3865 938 3931 ad
954 3880 1078 3932 crucem
1093 3861 1305 3946 inflammatis,

816 3947 917 4016 Nobis
930 3966 1060 4017 coenam
1075 3946 1255 4032 impetretis

817 4032 975 4100 eoelestis
991 4032 1137 4100 convivii.

816 4117 855 4184 ln
870 4135 933 4200 quo
948 4117 1007 4184 Dei
1023 4117 1124 4184 filium

814 4202 1044 4269 Laudemusin
1058 4206 1260 4286 perpetuum.

814 4290 917 4354 Amen
932 4286 1039 4352 dicant
1053 4285 1168 4353 omnia.

152 4419 183 4462 ι.
201 4399 299 4458 resa.
334 4401 420 4458 idone
436 4399 489 4457 No.
507 4398 561 4455 687
587 4397 614 4466 t,
632 4393 687 4464 tt)
704 4409 771 4452 aaa:
789 4393 840 4451 He.
860 4391 1049 4454 dcaKloatm
1063 4392 1221 4522 Eapcltcrf
1238 4390 1269 4447 io
1287 4387 1383 4448 Ueter-

72 4476 196 4538 naides
213 4472 236 4531 Ι.
254 4474 313 4546 *Ιῃ
341 4471 390 4529 iot
407 4474 451 4530 ³³.
479 4465 567 4528 ΙΝ
600 4465 643 4526 rlo.
660 4466 713 4526 nto
730 4465 781 4525 der
797 4465 919 4523 Metodic
938 4467 993 4541 (Α).
1030 4498 1065 4511 -
1100 4465 1179 4524 Misi.

1 4547 2 4620 f
75 4545 231 4620 mwtssl·

1210 4471 1277 4523 retr.
1296 4457 1383 4520 euris
