2860 4974
680 63 911 155 ...Μ-

155 262 204 332 aa
236 258 443 348 smalom
456 223 927 353 manumissore,

234 341 919 520 ltlmlmmittffifflilti
1052 481 1056 491 .

233 509 370 597 Mystico
383 511 567 582 characmre
580 517 768 602 musignata
783 515 896 586 fronte.
916 608 918 612 .

153 613 217 684 it..
233 607 350 680 Factus
363 617 471 681 castos
485 615 592 683 orium
606 615 754 685 dominici
767 617 885 702 gregis.
1065 633 1067 637 ·

233 689 362 776 Gogimt
376 696 578 778 paniolum:
598 699 703 768 Homo
717 697 778 781 lac,
796 700 882 785 quod
895 699 992 784 locist

232 773 353 844 Summi
367 781 480 846 anans
494 781 644 864 sagittam
657 783 880 851 mandatorum
894 784 991 866 renis,

230 857 292 924 Pro
307 859 357 926 his
372 862 463 944 ponit
475 863 613 930 animam
627 865 669 932 nd
683 865 814 933 verbum
828 866 917 948 legia.

149 960 198 1024 it.
230 955 281 1024 Ns
293 956 362 1026 iera
377 958 552 1029 bestiarum
566 962 697 1030 incursu
710 964 888 1047 laedantur,
1100 1031 1103 1042 .

229 1038 292 1108 Sed
306 1049 343 1109 ut
356 1047 427 1109 tute
441 1062 511 1112 cum
527 1044 631 1113 saluta
646 1047 773 1115 domino
786 1048 973 1128 reddantur,

227 1122 422 1192 interitum
436 1127 599 1196 inimicum
612 1128 683 1196 dira
699 1132 941 1198 comminantem
1012 1185 1015 1191 .

226 1204 388 1288 Mitigarit
401 1213 435 1274 et
449 1211 589 1291 signavit
601 1212 706 1294 ipsum
719 1215 943 1296 postulantem.

146 1306 195 1372 iti.
228 1303 312 1373 Dum
326 1306 359 1373 in
373 1309 440 1373 rita
454 1307 585 1377 delinita
601 1319 731 1378 sanetus
744 1313 807 1380 iste
820 1313 918 1395 degit

225 1387 328 1455 Multa
342 1391 434 1473 signe
448 1391 509 1458 Dei
523 1392 620 1476 digna
633 1395 752 1461 virtute
766 1397 898 1478 peregit,

223 1468 343 1538 Fessus
357 1474 475 1541 mundo
488 1491 560 1540 cnm
574 1476 709 1542 iocunda
724 1495 855 1544 occursu
869 1482 1050 1547 aerumnam

217 1550 263 1619 'In
277 1552 337 1620 hac
350 1554 402 1623 die
415 1556 539 1625 scandit
552 1558 605 1642 pia
618 1560 743 1626 moenia
755 1559 923 1628 coelorum.

143 1652 193 1720 lt.
225 1649 284 1720 Oui
297 1651 369 1720 laus
383 1661 417 1723 at
430 1655 535 1736 gloria

222 1733 271 1803 De
284 1737 395 1806 mundi
410 1740 552 1823 notoria

221 1817 271 1886 De
284 1821 377 1889 nobis
392 1825 544 1892 memoria

223 1901 292 1971 Sibi
307 1905 351 1971 sit
363 1923 423 1989 per
439 1907 545 1976 omnia

223 1985 429 2057 Saeculorum
442 1991 581 2059 saecula.

209 2091 301 2151 Tect.
338 2097 562 2165 nausimus
579 2098 630 2154 ltat
648 2098 694 2155 dte
711 2103 737 2155 1.
755 2098 832 2157 Zeila
848 2115 902 2157 uus
920 2101 981 2158 deas
994 2101 1178 2162 causeam
1196 2103 1323 2164 Nam
1340 2107 1414 2179 (b

93 2191 96 2200 ·
136 2161 206 2220 cler.
242 2162 301 2220 Dic
316 2167 465 2238 Atsclra'st
482 2167 621 2224 menate
637 2169 683 2225 cu
699 2168 738 2225 H.
755 2169 854 2228 Marsi.
872 2199 907 2215 -
930 2171 994 2230 Der
1010 2171 1082 2232 Text
1098 2175 1139 2232 tet
1155 2175 1248 2233 muer
1265 2175 1379 2236 rete.
1392 2201 1413 2219 -

136 2236 164 2305 s,
200 2271 208 2290 .
225 2233 277 2290 sae
294 2235 340 2293 dic
356 2237 409 2295 Hs.
427 2241 499 2302 Vox.
535 2241 577 2310 iti,
595 2243 620 2296 il.
638 2239 732 2298 Nulla

483 2601 554 2664 ⁷22.
595 2525 649 2664 ilc
667 2618 694 2666 a.
718 2590 909 2666 litandos-ico
930 2604 1079 2686 martyre.

125 2731 167 2796 ,1.
190 2725 331 2798 Trinitas
344 2730 377 2796 in
392 2730 526 2806 uninte,
856 2728 1151 2798 Guiiecitinsidim
1217 2784 1222 2794 .

142 2825 144 2830 ·
188 2809 350 2880 Unitasin
364 2813 509 2878 trinitate
854 2811 899 2879 Et
912 2812 1015 2880 reales
1028 2811 1172 2881 annuas

189 2891 282 2962 Nunc
295 2901 329 2962 et
343 2911 468 2979 semper
485 2900 672 2963 veneretur:
856 2894 936 2964 (ium
950 2912 1009 2962 sua
1023 2911 1174 2994 perpessa
1186 2902 1299 2977 geute
1413 2923 1414 2944 ¹

188 2978 268 3053 Hoc,
283 2977 368 3060 quod
381 2974 469 3043 Dens
483 2983 543 3058 est,
556 2995 615 3045 nos
628 2979 754 3062 ammos,
799 2980 829 3042 t.
853 2977 966 3044 Virtus
978 2978 1040 3044 Der
1054 2983 1216 3061 operator,

188 3057 650 3142 Quiestultimusetprimus,
853 3058 922 3156 Iste
934 3066 1057 3142 martyr
1073 3057 1277 3158 contortatur

188 3141 619 3223 Summunimusadoretur.
851 3141 939 3207 ilins
953 3147 1120 3208 tormentis
1136 3147 1283 3224 positus:

25 3289 27 3294 .
131 3222 162 3287 ὓ.
186 3226 255 3293 Istc
268 3231 399 3292 sanctus
412 3231 462 3293 est
476 3225 653 3310 presbyter,
853 3223 952 3322 Sacra
965 3224 1083 3322 docens
1095 3224 1286 3316 coquendo,
1355 3299 1359 3310 ,

186 3306 248 3386 Qui
261 3309 399 3377 mesatis
412 3309 630 3392 crucienter,
851 3307 912 3374 Der
925 3314 1008 3374 ntus
1021 3325 1067 3374 suc
1083 3306 1224 3374 docendo
1285 3327 1288 3330 ·
1411 3327 1413 3370 ;

183 3391 451 3477 Hicperstatum
465 3392 655 3461 militantem
850 3389 1223 3458 Nosavisaritcoelitns.

183 3474 591 3556 Deomtunassubnisia
795 3473 825 3536 θ.
850 3473 1014 3542 Gellianus
1029 3478 1063 3540 et
1077 3472 1270 3555 Germaan

183 3558 244 3625 Dei
258 3559 340 3626 ritus
352 3565 386 3626 et
402 3559 510 3626 mulsit
849 3555 1350 3644 Graccusquiestclrristianum

182 3640 320 3728 Propter
333 3643 431 3709 vitam
448 3639 706 3722 triumphantem.
848 3639 892 3705 Et
905 3641 1007 3706 omnis
1020 3639 1251 3721 christianitas,

128 3719 557 3809 ³.Ergocaesar1uiianus
847 3721 969 3789 lubilco
984 3721 1191 3802 cordetonat

180 3807 613 3975 lescelinus,
846 3805 1332 3986 ciricsceatte*

178 3975 394 4042 Romanorum
408 3976 591 4058 imperator,
697 4025 701 4032 .
791 3971 820 4033 7.
846 3971 1058 4070 Theodericus
1071 3978 1140 4070 nati
1155 3972 1278 4054 uolens,

179 4059 377 4136 Persecutor‚
392 4057 581 4139 dilianator,
844 4054 893 4121 De
906 4073 969 4122 non
982 4052 1055 4153 littra
1069 4054 1291 4155 trdusiolens,

178 4143 575 4224 Rancoremsuispiritus.
747 4213 750 4222 .
844 4137 924 4204 liam
941 4139 1351 4236 nesnuntqurdiscruut:

76 4247 82 4268 1
122 4219 153 4284 4·
177 4227 215 4293 In
230 4226 339 4309 fugam
354 4227 411 4293 dat
425 4223 623 4292 christicolas
843 4221 983 4288 Titulum
997 4220 1165 4304 descripsit
1177 4239 1229 4293 ers

176 4307 255 4376 Tam
269 4308 394 4375 accolas
408 4324 504 4391 quarn
517 4305 638 4374 incolas
843 4303 1057 4372 Christianum
1072 4303 1314 4404 sanctae-legia
1409 4315 1411 4368 i

176 4390 371 4462 Theoderico
385 4395 608 4474 permanente:
843 4386 945 4466 Quam
958 4387 1050 4456 multi
1064 4405 1111 4455 src
1124 4395 1313 4471 respuerunt.
1332 4469 1349 4482 Ι,
